@ARTICLE{2001JPC.30.735,
  author = "Tennyson, Jonathan and Zobov, Nikolai F. and Williamson, Ross and Polyansky, Oleg L. and Bernath, Peter F.",
   title = "Experimental Energy Levels of the Water Molecule",
   journal = "Journal of Physical and Chemical Reference Data",
   year = "2001",
   volume = "30",
   number = "3", 
   eid = ,
   pages = "735-831",
   url = "http://scitation.aip.org/content/aip/journal/jpcrd/30/3/10.1063/1.1364517",
   doi = "http://dx.doi.org/10.1063/1.1364517" 
}


@ARTICLE{2009MNRAS.399.1026B,
   author = {{Buckle}, J.~V. and {Hills}, R.~E. and {Smith}, H. and {Dent}, W.~R.~F. and 
	{Bell}, G. and {Curtis}, E.~I. and {Dace}, R. and {Gibson}, H. and 
	{Graves}, S.~F. and {Leech}, J. and {Richer}, J.~S. and {Williamson}, R. and 
	{Withington}, S. and {Yassin}, G. and {Bennett}, R. and {Hastings}, P. and 
	{Laidlaw}, I. and {Lightfoot}, J.~F. and {Burgess}, T. and {Dewdney}, P.~E. and 
	{Hovey}, G. and {Willis}, A.~G. and {Redman}, R. and {Wooff}, B. and 
	{Berry}, D.~S. and {Cavanagh}, B. and {Davis}, G.~R. and {Dempsey}, J. and 
	{Friberg}, P. and {Jenness}, T. and {Kackley}, R. and {Rees}, N.~P. and 
	{Tilanus}, R. and {Walther}, C. and {Zwart}, W. and {Klapwijk}, T.~M. and 
	{Kroug}, M. and {Zijlstra}, T.},
    title = "{HARP/ACSIS: a submillimetre spectral imaging system on the James Clerk Maxwell Telescope}",
  journal = {\mnras},
archivePrefix = "arXiv",
   eprint = {0907.3610},
 primaryClass = "astro-ph.IM",
 keywords = {instrumentation: detectors , instrumentation: spectrographs , methods: observational , techniques: image processing , techniques: spectroscopic , submillimetre},
     year = 2009,
    month = oct,
   volume = 399,
    pages = {1026-1043},
      doi = {10.1111/j.1365-2966.2009.15347.x},
   adsurl = {http://adsabs.harvard.edu/abs/2009MNRAS.399.1026B},
  adsnote = {Provided by the SAO/NASA Astrophysics Data System}
}

@ARTICLE{2011PASP..123..568C,
   author = {{Carlstrom}, J.~E. and {Ade}, P.~A.~R. and {Aird}, K.~A. and 
	{Benson}, B.~A. and {Bleem}, L.~E. and {Busetti}, S. and {Chang}, C.~L. and 
	{Chauvin}, E. and {Cho}, H.-M. and {Crawford}, T.~M. and {Crites}, A.~T. and 
	{Dobbs}, M.~A. and {Halverson}, N.~W. and {Heimsath}, S. and 
	{Holzapfel}, W.~L. and {Hrubes}, J.~D. and {Joy}, M. and {Keisler}, R. and 
	{Lanting}, T.~M. and {Lee}, A.~T. and {Leitch}, E.~M. and {Leong}, J. and 
	{Lu}, W. and {Lueker}, M. and {Luong-van}, D. and {McMahon}, J.~J. and 
	{Mehl}, J. and {Meyer}, S.~S. and {Mohr}, J.~J. and {Montroy}, T.~E. and 
	{Padin}, S. and {Plagge}, T. and {Pryke}, C. and {Ruhl}, J.~E. and 
	{Schaffer}, K.~K. and {Schwan}, D. and {Shirokoff}, E. and {Spieler}, H.~G. and 
	{Staniszewski}, Z. and {Stark}, A.~A. and {Tucker}, C. and {Vanderlinde}, K. and 
	{Vieira}, J.~D. and {Williamson}, R.},
    title = "{The 10 Meter South Pole Telescope}",
  journal = {\pasp},
archivePrefix = "arXiv",
   eprint = {0907.4445},
 primaryClass = "astro-ph.IM",
 keywords = {Astronomical Instrumentation},
     year = 2011,
    month = may,
   volume = 123,
    pages = {568-581},
      doi = {10.1086/659879},
   adsurl = {http://adsabs.harvard.edu/abs/2011PASP..123..568C},
  adsnote = {Provided by the SAO/NASA Astrophysics Data System}
}

@ARTICLE{2010ApJ...716.1118P,
   author = {{Plagge}, T. and {Benson}, B.~A. and {Ade}, P.~A.~R. and {Aird}, K.~A. and 
	{Bleem}, L.~E. and {Carlstrom}, J.~E. and {Chang}, C.~L. and 
	{Cho}, H.-M. and {Crawford}, T.~M. and {Crites}, A.~T. and {de Haan}, T. and 
	{Dobbs}, M.~A. and {George}, E.~M. and {Hall}, N.~R. and {Halverson}, N.~W. and 
	{Holder}, G.~P. and {Holzapfel}, W.~L. and {Hrubes}, J.~D. and 
	{Joy}, M. and {Keisler}, R. and {Knox}, L. and {Lee}, A.~T. and 
	{Leitch}, E.~M. and {Lueker}, M. and {Marrone}, D. and {McMahon}, J.~J. and 
	{Mehl}, J. and {Meyer}, S.~S. and {Mohr}, J.~J. and {Montroy}, T.~E. and 
	{Padin}, S. and {Pryke}, C. and {Reichardt}, C.~L. and {Ruhl}, J.~E. and 
	{Schaffer}, K.~K. and {Shaw}, L. and {Shirokoff}, E. and {Spieler}, H.~G. and 
	{Stalder}, B. and {Staniszewski}, Z. and {Stark}, A.~A. and 
	{Vanderlinde}, K. and {Vieira}, J.~D. and {Williamson}, R. and 
	{Zahn}, O.},
    title = "{Sunyaev-Zel'dovich Cluster Profiles Measured with the South Pole Telescope}",
  journal = {\apj},
archivePrefix = "arXiv",
   eprint = {0911.2444},
 primaryClass = "astro-ph.CO",
 keywords = {cosmic background radiation, cosmology: observations, galaxies: clusters: general, galaxies: clusters: intracluster medium},
     year = 2010,
    month = jun,
   volume = 716,
    pages = {1118-1135},
      doi = {10.1088/0004-637X/716/2/1118},
   adsurl = {http://adsabs.harvard.edu/abs/2010ApJ...716.1118P},
  adsnote = {Provided by the SAO/NASA Astrophysics Data System}
}

@ARTICLE{2010ApJ...719..763V,
   author = {{Vieira}, J.~D. and {Crawford}, T.~M. and {Switzer}, E.~R. and 
	{Ade}, P.~A.~R. and {Aird}, K.~A. and {Ashby}, M.~L.~N. and 
	{Benson}, B.~A. and {Bleem}, L.~E. and {Brodwin}, M. and {Carlstrom}, J.~E. and 
	{Chang}, C.~L. and {Cho}, H.-M. and {Crites}, A.~T. and {de Haan}, T. and 
	{Dobbs}, M.~A. and {Everett}, W. and {George}, E.~M. and {Gladders}, M. and 
	{Hall}, N.~R. and {Halverson}, N.~W. and {High}, F.~W. and {Holder}, G.~P. and 
	{Holzapfel}, W.~L. and {Hrubes}, J.~D. and {Joy}, M. and {Keisler}, R. and 
	{Knox}, L. and {Lee}, A.~T. and {Leitch}, E.~M. and {Lueker}, M. and 
	{Marrone}, D.~P. and {McIntyre}, V. and {McMahon}, J.~J. and 
	{Mehl}, J. and {Meyer}, S.~S. and {Mohr}, J.~J. and {Montroy}, T.~E. and 
	{Padin}, S. and {Plagge}, T. and {Pryke}, C. and {Reichardt}, C.~L. and 
	{Ruhl}, J.~E. and {Schaffer}, K.~K. and {Shaw}, L. and {Shirokoff}, E. and 
	{Spieler}, H.~G. and {Stalder}, B. and {Staniszewski}, Z. and 
	{Stark}, A.~A. and {Vanderlinde}, K. and {Walsh}, W. and {Williamson}, R. and 
	{Yang}, Y. and {Zahn}, O. and {Zenteno}, A.},
    title = "{Extragalactic Millimeter-wave Sources in South Pole Telescope Survey Data: Source Counts, Catalog, and Statistics for an 87 Square-degree Field}",
  journal = {\apj},
archivePrefix = "arXiv",
   eprint = {0912.2338},
 primaryClass = "astro-ph.CO",
 keywords = {galaxies: high-redshift, submillimeter: galaxies, surveys},
     year = 2010,
    month = aug,
   volume = 719,
    pages = {763-783},
      doi = {10.1088/0004-637X/719/1/763},
   adsurl = {http://adsabs.harvard.edu/abs/2010ApJ...719..763V},
  adsnote = {Provided by the SAO/NASA Astrophysics Data System}
}

@ARTICLE{2010ApJ...718..632H,
   author = {{Hall}, N.~R. and {Keisler}, R. and {Knox}, L. and {Reichardt}, C.~L. and 
	{Ade}, P.~A.~R. and {Aird}, K.~A. and {Benson}, B.~A. and {Bleem}, L.~E. and 
	{Carlstrom}, J.~E. and {Chang}, C.~L. and {Cho}, H.-M. and {Crawford}, T.~M. and 
	{Crites}, A.~T. and {de Haan}, T. and {Dobbs}, M.~A. and {George}, E.~M. and 
	{Halverson}, N.~W. and {Holder}, G.~P. and {Holzapfel}, W.~L. and 
	{Hrubes}, J.~D. and {Joy}, M. and {Lee}, A.~T. and {Leitch}, E.~M. and 
	{Lueker}, M. and {McMahon}, J.~J. and {Mehl}, J. and {Meyer}, S.~S. and 
	{Mohr}, J.~J. and {Montroy}, T.~E. and {Padin}, S. and {Plagge}, T. and 
	{Pryke}, C. and {Ruhl}, J.~E. and {Schaffer}, K.~K. and {Shaw}, L. and 
	{Shirokoff}, E. and {Spieler}, H.~G. and {Stalder}, B. and {Staniszewski}, Z. and 
	{Stark}, A.~A. and {Switzer}, E.~R. and {Vanderlinde}, K. and 
	{Vieira}, J.~D. and {Williamson}, R. and {Zahn}, O.},
    title = "{Angular Power Spectra of the Millimeter-wavelength Background Light from Dusty Star-forming Galaxies with the South Pole Telescope}",
  journal = {\apj},
archivePrefix = "arXiv",
   eprint = {0912.4315},
 primaryClass = "astro-ph.CO",
 keywords = {cosmic background radiation, galaxies: abundances, large-scale structure of universe, submillimeter: diffuse background, submillimeter: galaxies},
     year = 2010,
    month = aug,
   volume = 718,
    pages = {632-646},
      doi = {10.1088/0004-637X/718/2/632},
   adsurl = {http://adsabs.harvard.edu/abs/2010ApJ...718..632H},
  adsnote = {Provided by the SAO/NASA Astrophysics Data System}
}

@ARTICLE{2010ApJ...719.1045L,
   author = {{Lueker}, M. and {Reichardt}, C.~L. and {Schaffer}, K.~K. and 
	{Zahn}, O. and {Ade}, P.~A.~R. and {Aird}, K.~A. and {Benson}, B.~A. and 
	{Bleem}, L.~E. and {Carlstrom}, J.~E. and {Chang}, C.~L. and 
	{Cho}, H.-M. and {Crawford}, T.~M. and {Crites}, A.~T. and {de Haan}, T. and 
	{Dobbs}, M.~A. and {George}, E.~M. and {Hall}, N.~R. and {Halverson}, N.~W. and 
	{Holder}, G.~P. and {Holzapfel}, W.~L. and {Hrubes}, J.~D. and 
	{Joy}, M. and {Keisler}, R. and {Knox}, L. and {Lee}, A.~T. and 
	{Leitch}, E.~M. and {McMahon}, J.~J. and {Mehl}, J. and {Meyer}, S.~S. and 
	{Mohr}, J.~J. and {Montroy}, T.~E. and {Padin}, S. and {Plagge}, T. and 
	{Pryke}, C. and {Ruhl}, J.~E. and {Shaw}, L. and {Shirokoff}, E. and 
	{Spieler}, H.~G. and {Stalder}, B. and {Staniszewski}, Z. and 
	{Stark}, A.~A. and {Vanderlinde}, K. and {Vieira}, J.~D. and 
	{Williamson}, R.},
    title = "{Measurements of Secondary Cosmic Microwave Background Anisotropies with the South Pole Telescope}",
  journal = {\apj},
archivePrefix = "arXiv",
   eprint = {0912.4317},
 primaryClass = "astro-ph.CO",
 keywords = {cosmic background radiation, cosmological parameters, cosmology: observations, galaxies: clusters: intracluster medium, large-scale structure of universe},
     year = 2010,
    month = aug,
   volume = 719,
    pages = {1045-1066},
      doi = {10.1088/0004-637X/719/2/1045},
   adsurl = {http://adsabs.harvard.edu/abs/2010ApJ...719.1045L},
  adsnote = {Provided by the SAO/NASA Astrophysics Data System}
}

@ARTICLE{2010ApJ...722.1180V,
   author = {{Vanderlinde}, K. and {Crawford}, T.~M. and {de Haan}, T. and 
	{Dudley}, J.~P. and {Shaw}, L. and {Ade}, P.~A.~R. and {Aird}, K.~A. and 
	{Benson}, B.~A. and {Bleem}, L.~E. and {Brodwin}, M. and {Carlstrom}, J.~E. and 
	{Chang}, C.~L. and {Crites}, A.~T. and {Desai}, S. and {Dobbs}, M.~A. and 
	{Foley}, R.~J. and {George}, E.~M. and {Gladders}, M.~D. and 
	{Hall}, N.~R. and {Halverson}, N.~W. and {High}, F.~W. and {Holder}, G.~P. and 
	{Holzapfel}, W.~L. and {Hrubes}, J.~D. and {Joy}, M. and {Keisler}, R. and 
	{Knox}, L. and {Lee}, A.~T. and {Leitch}, E.~M. and {Loehr}, A. and 
	{Lueker}, M. and {Marrone}, D.~P. and {McMahon}, J.~J. and {Mehl}, J. and 
	{Meyer}, S.~S. and {Mohr}, J.~J. and {Montroy}, T.~E. and {Ngeow}, C.-C. and 
	{Padin}, S. and {Plagge}, T. and {Pryke}, C. and {Reichardt}, C.~L. and 
	{Rest}, A. and {Ruel}, J. and {Ruhl}, J.~E. and {Schaffer}, K.~K. and 
	{Shirokoff}, E. and {Song}, J. and {Spieler}, H.~G. and {Stalder}, B. and 
	{Staniszewski}, Z. and {Stark}, A.~A. and {Stubbs}, C.~W. and 
	{van Engelen}, A. and {Vieira}, J.~D. and {Williamson}, R. and 
	{Yang}, Y. and {Zahn}, O. and {Zenteno}, A.},
    title = "{Galaxy Clusters Selected with the Sunyaev-Zel'dovich Effect from 2008 South Pole Telescope Observations}",
  journal = {\apj},
archivePrefix = "arXiv",
   eprint = {1003.0003},
 primaryClass = "astro-ph.CO",
 keywords = {cosmology: observations, galaxies: clusters: general},
     year = 2010,
    month = oct,
   volume = 722,
    pages = {1180-1196},
      doi = {10.1088/0004-637X/722/2/1180},
   adsurl = {http://adsabs.harvard.edu/abs/2010ApJ...722.1180V},
  adsnote = {Provided by the SAO/NASA Astrophysics Data System}
}

@ARTICLE{2010ApJ...723.1736H,
   author = {{High}, F.~W. and {Stalder}, B. and {Song}, J. and {Ade}, P.~A.~R. and 
	{Aird}, K.~A. and {Allam}, S.~S. and {Armstrong}, R. and {Barkhouse}, W.~A. and 
	{Benson}, B.~A. and {Bertin}, E. and {Bhattacharya}, S. and 
	{Bleem}, L.~E. and {Brodwin}, M. and {Buckley-Geer}, E.~J. and 
	{Carlstrom}, J.~E. and {Challis}, P. and {Chang}, C.~L. and 
	{Crawford}, T.~M. and {Crites}, A.~T. and {de Haan}, T. and 
	{Desai}, S. and {Dobbs}, M.~A. and {Dudley}, J.~P. and {Foley}, R.~J. and 
	{George}, E.~M. and {Gladders}, M. and {Halverson}, N.~W. and 
	{Hamuy}, M. and {Hansen}, S.~M. and {Holder}, G.~P. and {Holzapfel}, W.~L. and 
	{Hrubes}, J.~D. and {Joy}, M. and {Keisler}, R. and {Lee}, A.~T. and 
	{Leitch}, E.~M. and {Lin}, H. and {Lin}, Y.-T. and {Loehr}, A. and 
	{Lueker}, M. and {Marrone}, D. and {McMahon}, J.~J. and {Mehl}, J. and 
	{Meyer}, S.~S. and {Mohr}, J.~J. and {Montroy}, T.~E. and {Morell}, N. and 
	{Ngeow}, C.-C. and {Padin}, S. and {Plagge}, T. and {Pryke}, C. and 
	{Reichardt}, C.~L. and {Rest}, A. and {Ruel}, J. and {Ruhl}, J.~E. and 
	{Schaffer}, K.~K. and {Shaw}, L. and {Shirokoff}, E. and {Smith}, R.~C. and 
	{Spieler}, H.~G. and {Staniszewski}, Z. and {Stark}, A.~A. and 
	{Stubbs}, C.~W. and {Tucker}, D.~L. and {Vanderlinde}, K. and 
	{Vieira}, J.~D. and {Williamson}, R. and {Wood-Vasey}, W.~M. and 
	{Yang}, Y. and {Zahn}, O. and {Zenteno}, A.},
    title = "{Optical Redshift and Richness Estimates for Galaxy Clusters Selected with the Sunyaev-Zel'dovich Effect from 2008 South Pole Telescope Observations}",
  journal = {\apj},
archivePrefix = "arXiv",
   eprint = {1003.0005},
 primaryClass = "astro-ph.CO",
 keywords = {cosmology: observations, galaxies: clusters: general},
     year = 2010,
    month = nov,
   volume = 723,
    pages = {1736-1747},
      doi = {10.1088/0004-637X/723/2/1736},
   adsurl = {http://adsabs.harvard.edu/abs/2010ApJ...723.1736H},
  adsnote = {Provided by the SAO/NASA Astrophysics Data System}
}

@ARTICLE{2011ApJ...738...48A,
   author = {{Andersson}, K. and {Benson}, B.~A. and {Ade}, P.~A.~R. and 
	{Aird}, K.~A. and {Armstrong}, B. and {Bautz}, M. and {Bleem}, L.~E. and 
	{Brodwin}, M. and {Carlstrom}, J.~E. and {Chang}, C.~L. and 
	{Crawford}, T.~M. and {Crites}, A.~T. and {de Haan}, T. and 
	{Desai}, S. and {Dobbs}, M.~A. and {Dudley}, J.~P. and {Foley}, R.~J. and 
	{Forman}, W.~R. and {Garmire}, G. and {George}, E.~M. and {Gladders}, M.~D. and 
	{Halverson}, N.~W. and {High}, F.~W. and {Holder}, G.~P. and 
	{Holzapfel}, W.~L. and {Hrubes}, J.~D. and {Jones}, C. and {Joy}, M. and 
	{Keisler}, R. and {Knox}, L. and {Lee}, A.~T. and {Leitch}, E.~M. and 
	{Lueker}, M. and {Marrone}, D.~P. and {McMahon}, J.~J. and {Mehl}, J. and 
	{Meyer}, S.~S. and {Mohr}, J.~J. and {Montroy}, T.~E. and {Murray}, S.~S. and 
	{Padin}, S. and {Plagge}, T. and {Pryke}, C. and {Reichardt}, C.~L. and 
	{Rest}, A. and {Ruel}, J. and {Ruhl}, J.~E. and {Schaffer}, K.~K. and 
	{Shaw}, L. and {Shirokoff}, E. and {Song}, J. and {Spieler}, H.~G. and 
	{Stalder}, B. and {Staniszewski}, Z. and {Stark}, A.~A. and 
	{Stubbs}, C.~W. and {Vanderlinde}, K. and {Vieira}, J.~D. and 
	{Vikhlinin}, A. and {Williamson}, R. and {Yang}, Y. and {Zahn}, O. and 
	{Zenteno}, A.},
    title = "{X-Ray Properties of the First Sunyaev-Zel'dovich Effect Selected Galaxy Cluster Sample from the South Pole Telescope}",
  journal = {\apj},
archivePrefix = "arXiv",
   eprint = {1006.3068},
 primaryClass = "astro-ph.CO",
 keywords = {galaxies: clusters: intracluster medium, X-rays: galaxies: clusters},
     year = 2011,
    month = sep,
   volume = 738,
      eid = {48},
    pages = {48},
      doi = {10.1088/0004-637X/738/1/48},
   adsurl = {http://adsabs.harvard.edu/abs/2011ApJ...738...48A},
  adsnote = {Provided by the SAO/NASA Astrophysics Data System}
}

@ARTICLE{2010ApJ...721...90B,
   author = {{Brodwin}, M. and {Ruel}, J. and {Ade}, P.~A.~R. and {Aird}, K.~A. and 
	{Andersson}, K. and {Ashby}, M.~L.~N. and {Bautz}, M. and {Bazin}, G. and 
	{Benson}, B.~A. and {Bleem}, L.~E. and {Carlstrom}, J.~E. and 
	{Chang}, C.~L. and {Crawford}, T.~M. and {Crites}, A.~T. and 
	{de Haan}, T. and {Desai}, S. and {Dobbs}, M.~A. and {Dudley}, J.~P. and 
	{Fazio}, G.~G. and {Foley}, R.~J. and {Forman}, W.~R. and {Garmire}, G. and 
	{George}, E.~M. and {Gladders}, M.~D. and {Gonzalez}, A.~H. and 
	{Halverson}, N.~W. and {High}, F.~W. and {Holder}, G.~P. and 
	{Holzapfel}, W.~L. and {Hrubes}, J.~D. and {Jones}, C. and {Joy}, M. and 
	{Keisler}, R. and {Knox}, L. and {Lee}, A.~T. and {Leitch}, E.~M. and 
	{Lueker}, M. and {Marrone}, D.~P. and {McMahon}, J.~J. and {Mehl}, J. and 
	{Meyer}, S.~S. and {Mohr}, J.~J. and {Montroy}, T.~E. and {Murray}, S.~S. and 
	{Padin}, S. and {Plagge}, T. and {Pryke}, C. and {Reichardt}, C.~L. and 
	{Rest}, A. and {Ruhl}, J.~E. and {Schaffer}, K.~K. and {Shaw}, L. and 
	{Shirokoff}, E. and {Song}, J. and {Spieler}, H.~G. and {Stalder}, B. and 
	{Stanford}, S.~A. and {Staniszewski}, Z. and {Stark}, A.~A. and 
	{Stubbs}, C.~W. and {Vanderlinde}, K. and {Vieira}, J.~D. and 
	{Vikhlinin}, A. and {Williamson}, R. and {Yang}, Y. and {Zahn}, O. and 
	{Zenteno}, A.},
    title = "{SPT-CL J0546-5345: A Massive z{\gt}1 Galaxy Cluster Selected Via the Sunyaev-Zel'dovich Effect with the South Pole Telescope}",
  journal = {\apj},
archivePrefix = "arXiv",
   eprint = {1006.5639},
 primaryClass = "astro-ph.CO",
 keywords = {galaxies: clusters: individual: SPT-CL J0546-5345, galaxies: distances and redshifts, galaxies: evolution},
     year = 2010,
    month = sep,
   volume = 721,
    pages = {90-97},
      doi = {10.1088/0004-637X/721/1/90},
   adsurl = {http://adsabs.harvard.edu/abs/2010ApJ...721...90B},
  adsnote = {Provided by the SAO/NASA Astrophysics Data System}
}

@ARTICLE{2011ApJ...741..111Q,
   author = {{QUIET Collaboration} and {Bischoff}, C. and {Brizius}, A. and 
	{Buder}, I. and {Chinone}, Y. and {Cleary}, K. and {Dumoulin}, R.~N. and 
	{Kusaka}, A. and {Monsalve}, R. and {N{\ae}ss}, S.~K. and {Newburgh}, L.~B. and 
	{Reeves}, R. and {Smith}, K.~M. and {Wehus}, I.~K. and {Zuntz}, J.~A. and 
	{Zwart}, J.~T.~L. and {Bronfman}, L. and {Bustos}, R. and {Church}, S.~E. and 
	{Dickinson}, C. and {Eriksen}, H.~K. and {Ferreira}, P.~G. and 
	{Gaier}, T. and {Gundersen}, J.~O. and {Hasegawa}, M. and {Hazumi}, M. and 
	{Huffenberger}, K.~M. and {Jones}, M.~E. and {Kangaslahti}, P. and 
	{Kapner}, D.~J. and {Lawrence}, C.~R. and {Limon}, M. and {May}, J. and 
	{McMahon}, J.~J. and {Miller}, A.~D. and {Nguyen}, H. and {Nixon}, G.~W. and 
	{Pearson}, T.~J. and {Piccirillo}, L. and {Radford}, S.~J.~E. and 
	{Readhead}, A.~C.~S. and {Richards}, J.~L. and {Samtleben}, D. and 
	{Seiffert}, M. and {Shepherd}, M.~C. and {Staggs}, S.~T. and 
	{Tajima}, O. and {Thompson}, K.~L. and {Vanderlinde}, K. and 
	{Williamson}, R. and {Winstein}, B.},
    title = "{First Season QUIET Observations: Measurements of Cosmic Microwave Background Polarization Power Spectra at 43 GHz in the Multipole Range 25 {\lt}= {\ell} {\lt}= 475}",
  journal = {\apj},
archivePrefix = "arXiv",
   eprint = {1012.3191},
 primaryClass = "astro-ph.CO",
 keywords = {cosmic background radiation, cosmology: observations, gravitational waves, inflation, polarization},
     year = 2011,
    month = nov,
   volume = 741,
      eid = {111},
    pages = {111},
      doi = {10.1088/0004-637X/741/2/111},
   adsurl = {http://adsabs.harvard.edu/abs/2011ApJ...741..111Q},
  adsnote = {Provided by the SAO/NASA Astrophysics Data System}
}

@ARTICLE{2011ApJ...736...61S,
   author = {{Shirokoff}, E. and {Reichardt}, C.~L. and {Shaw}, L. and {Millea}, M. and 
	{Ade}, P.~A.~R. and {Aird}, K.~A. and {Benson}, B.~A. and {Bleem}, L.~E. and 
	{Carlstrom}, J.~E. and {Chang}, C.~L. and {Cho}, H.~M. and {Crawford}, T.~M. and 
	{Crites}, A.~T. and {de Haan}, T. and {Dobbs}, M.~A. and {Dudley}, J. and 
	{George}, E.~M. and {Halverson}, N.~W. and {Holder}, G.~P. and 
	{Holzapfel}, W.~L. and {Hrubes}, J.~D. and {Joy}, M. and {Keisler}, R. and 
	{Knox}, L. and {Lee}, A.~T. and {Leitch}, E.~M. and {Lueker}, M. and 
	{Luong-Van}, D. and {McMahon}, J.~J. and {Mehl}, J. and {Meyer}, S.~S. and 
	{Mohr}, J.~J. and {Montroy}, T.~E. and {Padin}, S. and {Plagge}, T. and 
	{Pryke}, C. and {Ruhl}, J.~E. and {Schaffer}, K.~K. and {Spieler}, H.~G. and 
	{Staniszewski}, Z. and {Stark}, A.~A. and {Story}, K. and {Vanderlinde}, K. and 
	{Vieira}, J.~D. and {Williamson}, R. and {Zahn}, O.},
    title = "{Improved Constraints on Cosmic Microwave Background Secondary Anisotropies from the Complete 2008 South Pole Telescope Data}",
  journal = {\apj},
archivePrefix = "arXiv",
   eprint = {1012.4788},
 primaryClass = "astro-ph.CO",
 keywords = {cosmic background radiation, cosmology: observations, large-scale structure of universe},
     year = 2011,
    month = jul,
   volume = 736,
      eid = {61},
    pages = {61},
      doi = {10.1088/0004-637X/736/1/61},
   adsurl = {http://adsabs.harvard.edu/abs/2011ApJ...736...61S},
  adsnote = {Provided by the SAO/NASA Astrophysics Data System}
}


@ARTICLE{2011ApJ...731...86F,
   author = {{Foley}, R.~J. and {Andersson}, K. and {Bazin}, G. and {de Haan}, T. and 
	{Ruel}, J. and {Ade}, P.~A.~R. and {Aird}, K.~A. and {Armstrong}, R. and 
	{Ashby}, M.~L.~N. and {Bautz}, M. and {Benson}, B.~A. and {Bleem}, L.~E. and 
	{Bonamente}, M. and {Brodwin}, M. and {Carlstrom}, J.~E. and 
	{Chang}, C.~L. and {Clocchiatti}, A. and {Crawford}, T.~M. and 
	{Crites}, A.~T. and {Desai}, S. and {Dobbs}, M.~A. and {Dudley}, J.~P. and 
	{Fazio}, G.~G. and {Forman}, W.~R. and {Garmire}, G. and {George}, E.~M. and 
	{Gladders}, M.~D. and {Gonzalez}, A.~H. and {Halverson}, N.~W. and 
	{High}, F.~W. and {Holder}, G.~P. and {Holzapfel}, W.~L. and 
	{Hoover}, S. and {Hrubes}, J.~D. and {Jones}, C. and {Joy}, M. and 
	{Keisler}, R. and {Knox}, L. and {Lee}, A.~T. and {Leitch}, E.~M. and 
	{Lueker}, M. and {Luong-Van}, D. and {Marrone}, D.~P. and {McMahon}, J.~J. and 
	{Mehl}, J. and {Meyer}, S.~S. and {Mohr}, J.~J. and {Montroy}, T.~E. and 
	{Murray}, S.~S. and {Padin}, S. and {Plagge}, T. and {Pryke}, C. and 
	{Reichardt}, C.~L. and {Rest}, A. and {Ruhl}, J.~E. and {Saliwanchik}, B.~R. and 
	{Saro}, A. and {Schaffer}, K.~K. and {Shaw}, L. and {Shirokoff}, E. and 
	{Song}, J. and {Spieler}, H.~G. and {Stalder}, B. and {Stanford}, S.~A. and 
	{Staniszewski}, Z. and {Stark}, A.~A. and {Story}, K. and {Stubbs}, C.~W. and 
	{Vanderlinde}, K. and {Vieira}, J.~D. and {Vikhlinin}, A. and 
	{Williamson}, R. and {Zenteno}, A.},
    title = "{Discovery and Cosmological Implications of SPT-CL J2106-5844, the Most Massive Known Cluster at z{\gt}1}",
  journal = {\apj},
archivePrefix = "arXiv",
   eprint = {1101.1286},
 primaryClass = "astro-ph.CO",
 keywords = {early universe, galaxies: clusters: individual: SPT-CL J2106-5844, galaxies: evolution, galaxies: formation, large-scale structure of universe},
     year = 2011,
    month = apr,
   volume = 731,
      eid = {86},
    pages = {86},
      doi = {10.1088/0004-637X/731/2/86},
   adsurl = {http://adsabs.harvard.edu/abs/2011ApJ...731...86F},
  adsnote = {Provided by the SAO/NASA Astrophysics Data System}
}

@ARTICLE{2011ApJ...738..139W,
   author = {{Williamson}, R. and {Benson}, B.~A. and {High}, F.~W. and {Vanderlinde}, K. and 
	{Ade}, P.~A.~R. and {Aird}, K.~A. and {Andersson}, K. and {Armstrong}, R. and 
	{Ashby}, M.~L.~N. and {Bautz}, M. and {Bazin}, G. and {Bertin}, E. and 
	{Bleem}, L.~E. and {Bonamente}, M. and {Brodwin}, M. and {Carlstrom}, J.~E. and 
	{Chang}, C.~L. and {Chapman}, S.~C. and {Clocchiatti}, A. and 
	{Crawford}, T.~M. and {Crites}, A.~T. and {de Haan}, T. and 
	{Desai}, S. and {Dobbs}, M.~A. and {Dudley}, J.~P. and {Fazio}, G.~G. and 
	{Foley}, R.~J. and {Forman}, W.~R. and {Garmire}, G. and {George}, E.~M. and 
	{Gladders}, M.~D. and {Gonzalez}, A.~H. and {Halverson}, N.~W. and 
	{Holder}, G.~P. and {Holzapfel}, W.~L. and {Hoover}, S. and 
	{Hrubes}, J.~D. and {Jones}, C. and {Joy}, M. and {Keisler}, R. and 
	{Knox}, L. and {Lee}, A.~T. and {Leitch}, E.~M. and {Lueker}, M. and 
	{Luong-Van}, D. and {Marrone}, D.~P. and {McMahon}, J.~J. and 
	{Mehl}, J. and {Meyer}, S.~S. and {Mohr}, J.~J. and {Montroy}, T.~E. and 
	{Murray}, S.~S. and {Padin}, S. and {Plagge}, T. and {Pryke}, C. and 
	{Reichardt}, C.~L. and {Rest}, A. and {Ruel}, J. and {Ruhl}, J.~E. and 
	{Saliwanchik}, B.~R. and {Saro}, A. and {Schaffer}, K.~K. and 
	{Shaw}, L. and {Shirokoff}, E. and {Song}, J. and {Spieler}, H.~G. and 
	{Stalder}, B. and {Stanford}, S.~A. and {Staniszewski}, Z. and 
	{Stark}, A.~A. and {Story}, K. and {Stubbs}, C.~W. and {Vieira}, J.~D. and 
	{Vikhlinin}, A. and {Zenteno}, A.},
    title = "{A Sunyaev-Zel'dovich-selected Sample of the Most Massive Galaxy Clusters in the 2500 deg$^{2}$ South Pole Telescope Survey}",
  journal = {\apj},
archivePrefix = "arXiv",
   eprint = {1101.1290},
 primaryClass = "astro-ph.CO",
 keywords = {cosmic background radiation, cosmology: observations, galaxies: clusters: general},
     year = 2011,
    month = sep,
   volume = 738,
      eid = {139},
    pages = {139},
      doi = {10.1088/0004-637X/738/2/139},
   adsurl = {http://adsabs.harvard.edu/abs/2011ApJ...738..139W},
  adsnote = {Provided by the SAO/NASA Astrophysics Data System}
}

@ARTICLE{2011ApJ...735L..36S,
   author = {{Story}, K. and {Aird}, K.~A. and {Andersson}, K. and {Armstrong}, R. and 
	{Bazin}, G. and {Benson}, B.~A. and {Bleem}, L.~E. and {Bonamente}, M. and 
	{Brodwin}, M. and {Carlstrom}, J.~E. and {Chang}, C.~L. and 
	{Clocchiatti}, A. and {Crawford}, T.~M. and {Crites}, A.~T. and 
	{de Haan}, T. and {Desai}, S. and {Dobbs}, M.~A. and {Dudley}, J.~P. and 
	{Foley}, R.~J. and {George}, E.~M. and {Gladders}, M.~D. and 
	{Gonzalez}, A.~H. and {Halverson}, N.~W. and {High}, F.~W. and 
	{Holder}, G.~P. and {Holzapfel}, W.~L. and {Hoover}, S. and 
	{Hrubes}, J.~D. and {Joy}, M. and {Keisler}, R. and {Knox}, L. and 
	{Lee}, A.~T. and {Leitch}, E.~M. and {Lueker}, M. and {Luong-Van}, D. and 
	{Marrone}, D.~P. and {McMahon}, J.~J. and {Mehl}, J. and {Meyer}, S.~S. and 
	{Mohr}, J.~J. and {Montroy}, T.~E. and {Padin}, S. and {Plagge}, T. and 
	{Pryke}, C. and {Reichardt}, C.~L. and {Rest}, A. and {Ruel}, J. and 
	{Ruhl}, J.~E. and {Saliwanchik}, B.~R. and {Saro}, A. and {Schaffer}, K.~K. and 
	{Shaw}, L. and {Shirokoff}, E. and {Song}, J. and {Spieler}, H.~G. and 
	{Stalder}, B. and {Staniszewski}, Z. and {Stark}, A.~A. and 
	{Stubbs}, C.~W. and {Vanderlinde}, K. and {Vieira}, J.~D. and 
	{Williamson}, R. and {Zenteno}, A.},
    title = "{South Pole Telescope Detections of the Previously Unconfirmed Planck Early Sunyaev-Zel'dovich Clusters in the Southern Hemisphere}",
  journal = {\apjl},
archivePrefix = "arXiv",
   eprint = {1102.2189},
 primaryClass = "astro-ph.CO",
 keywords = {cosmology: observations, galaxies: clusters: individual: PLCKESZ G255.62-46.16 PLCKESZ G225.92-19.99 PLCKESZ G264.41+19.48 PLCKESZ G283.16-29.93 PLCKESZ G304.84-41.42},
     year = 2011,
    month = jul,
   volume = 735,
      eid = {L36},
    pages = {L36},
      doi = {10.1088/2041-8205/735/2/L36},
   adsurl = {http://adsabs.harvard.edu/abs/2011ApJ...735L..36S},
  adsnote = {Provided by the SAO/NASA Astrophysics Data System}
}

@ARTICLE{2011ApJ...743...28K,
   author = {{Keisler}, R. and {Reichardt}, C.~L. and {Aird}, K.~A. and {Benson}, B.~A. and 
	{Bleem}, L.~E. and {Carlstrom}, J.~E. and {Chang}, C.~L. and 
	{Cho}, H.~M. and {Crawford}, T.~M. and {Crites}, A.~T. and {de Haan}, T. and 
	{Dobbs}, M.~A. and {Dudley}, J. and {George}, E.~M. and {Halverson}, N.~W. and 
	{Holder}, G.~P. and {Holzapfel}, W.~L. and {Hoover}, S. and 
	{Hou}, Z. and {Hrubes}, J.~D. and {Joy}, M. and {Knox}, L. and 
	{Lee}, A.~T. and {Leitch}, E.~M. and {Lueker}, M. and {Luong-Van}, D. and 
	{McMahon}, J.~J. and {Mehl}, J. and {Meyer}, S.~S. and {Millea}, M. and 
	{Mohr}, J.~J. and {Montroy}, T.~E. and {Natoli}, T. and {Padin}, S. and 
	{Plagge}, T. and {Pryke}, C. and {Ruhl}, J.~E. and {Schaffer}, K.~K. and 
	{Shaw}, L. and {Shirokoff}, E. and {Spieler}, H.~G. and {Staniszewski}, Z. and 
	{Stark}, A.~A. and {Story}, K. and {van Engelen}, A. and {Vanderlinde}, K. and 
	{Vieira}, J.~D. and {Williamson}, R. and {Zahn}, O.},
    title = "{A Measurement of the Damping Tail of the Cosmic Microwave Background Power Spectrum with the South Pole Telescope}",
  journal = {\apj},
archivePrefix = "arXiv",
   eprint = {1105.3182},
 primaryClass = "astro-ph.CO",
 keywords = {cosmic background radiation, cosmological parameters, cosmology: observations},
     year = 2011,
    month = dec,
   volume = 743,
      eid = {28},
    pages = {28},
      doi = {10.1088/0004-637X/743/1/28},
   adsurl = {http://adsabs.harvard.edu/abs/2011ApJ...743...28K},
  adsnote = {Provided by the SAO/NASA Astrophysics Data System}
}

@ARTICLE{2012ApJ...755...70R,
   author = {{Reichardt}, C.~L. and {Shaw}, L. and {Zahn}, O. and {Aird}, K.~A. and 
	{Benson}, B.~A. and {Bleem}, L.~E. and {Carlstrom}, J.~E. and 
	{Chang}, C.~L. and {Cho}, H.~M. and {Crawford}, T.~M. and {Crites}, A.~T. and 
	{de Haan}, T. and {Dobbs}, M.~A. and {Dudley}, J. and {George}, E.~M. and 
	{Halverson}, N.~W. and {Holder}, G.~P. and {Holzapfel}, W.~L. and 
	{Hoover}, S. and {Hou}, Z. and {Hrubes}, J.~D. and {Joy}, M. and 
	{Keisler}, R. and {Knox}, L. and {Lee}, A.~T. and {Leitch}, E.~M. and 
	{Lueker}, M. and {Luong-Van}, D. and {McMahon}, J.~J. and {Mehl}, J. and 
	{Meyer}, S.~S. and {Millea}, M. and {Mohr}, J.~J. and {Montroy}, T.~E. and 
	{Natoli}, T. and {Padin}, S. and {Plagge}, T. and {Pryke}, C. and 
	{Ruhl}, J.~E. and {Schaffer}, K.~K. and {Shirokoff}, E. and 
	{Spieler}, H.~G. and {Staniszewski}, Z. and {Stark}, A.~A. and 
	{Story}, K. and {van Engelen}, A. and {Vanderlinde}, K. and 
	{Vieira}, J.~D. and {Williamson}, R.},
    title = "{A Measurement of Secondary Cosmic Microwave Background Anisotropies with Two Years of South Pole Telescope Observations}",
  journal = {\apj},
archivePrefix = "arXiv",
   eprint = {1111.0932},
 primaryClass = "astro-ph.CO",
 keywords = {cosmic background radiation, cosmological parameters, cosmology: observations, diffuse radiation, large-scale structure of universe},
     year = 2012,
    month = aug,
   volume = 755,
      eid = {70},
    pages = {70},
      doi = {10.1088/0004-637X/755/1/70},
   adsurl = {http://adsabs.harvard.edu/abs/2012ApJ...755...70R},
  adsnote = {Provided by the SAO/NASA Astrophysics Data System}
}

@ARTICLE{2012ApJ...756...65Z,
   author = {{Zahn}, O. and {Reichardt}, C.~L. and {Shaw}, L. and {Lidz}, A. and 
	{Aird}, K.~A. and {Benson}, B.~A. and {Bleem}, L.~E. and {Carlstrom}, J.~E. and 
	{Chang}, C.~L. and {Cho}, H.~M. and {Crawford}, T.~M. and {Crites}, A.~T. and 
	{de Haan}, T. and {Dobbs}, M.~A. and {Dor{\'e}}, O. and {Dudley}, J. and 
	{George}, E.~M. and {Halverson}, N.~W. and {Holder}, G.~P. and 
	{Holzapfel}, W.~L. and {Hoover}, S. and {Hou}, Z. and {Hrubes}, J.~D. and 
	{Joy}, M. and {Keisler}, R. and {Knox}, L. and {Lee}, A.~T. and 
	{Leitch}, E.~M. and {Lueker}, M. and {Luong-Van}, D. and {McMahon}, J.~J. and 
	{Mehl}, J. and {Meyer}, S.~S. and {Millea}, M. and {Mohr}, J.~J. and 
	{Montroy}, T.~E. and {Natoli}, T. and {Padin}, S. and {Plagge}, T. and 
	{Pryke}, C. and {Ruhl}, J.~E. and {Schaffer}, K.~K. and {Shirokoff}, E. and 
	{Spieler}, H.~G. and {Staniszewski}, Z. and {Stark}, A.~A. and 
	{Story}, K. and {van Engelen}, A. and {Vanderlinde}, K. and 
	{Vieira}, J.~D. and {Williamson}, R.},
    title = "{Cosmic Microwave Background Constraints on the Duration and Timing of Reionization from the South Pole Telescope}",
  journal = {\apj},
archivePrefix = "arXiv",
   eprint = {1111.6386},
 primaryClass = "astro-ph.CO",
 keywords = {cosmology: theory, intergalactic medium, large-scale structure of universe},
     year = 2012,
    month = sep,
   volume = 756,
      eid = {65},
    pages = {65},
      doi = {10.1088/0004-637X/756/1/65},
   adsurl = {http://adsabs.harvard.edu/abs/2012ApJ...756...65Z},
  adsnote = {Provided by the SAO/NASA Astrophysics Data System}
}
@ARTICLE{2011ApJ...743...90S,
   author = {{Schaffer}, K.~K. and {Crawford}, T.~M. and {Aird}, K.~A. and 
	{Benson}, B.~A. and {Bleem}, L.~E. and {Carlstrom}, J.~E. and 
	{Chang}, C.~L. and {Cho}, H.~M. and {Crites}, A.~T. and {de Haan}, T. and 
	{Dobbs}, M.~A. and {George}, E.~M. and {Halverson}, N.~W. and 
	{Holder}, G.~P. and {Holzapfel}, W.~L. and {Hoover}, S. and 
	{Hrubes}, J.~D. and {Joy}, M. and {Keisler}, R. and {Knox}, L. and 
	{Lee}, A.~T. and {Leitch}, E.~M. and {Lueker}, M. and {Luong-Van}, D. and 
	{McMahon}, J.~J. and {Mehl}, J. and {Meyer}, S.~S. and {Mohr}, J.~J. and 
	{Montroy}, T.~E. and {Padin}, S. and {Plagge}, T. and {Pryke}, C. and 
	{Reichardt}, C.~L. and {Ruhl}, J.~E. and {Shirokoff}, E. and 
	{Spieler}, H.~G. and {Stalder}, B. and {Staniszewski}, Z. and 
	{Stark}, A.~A. and {Story}, K. and {Vanderlinde}, K. and {Vieira}, J.~D. and 
	{Williamson}, R.},
    title = "{The First Public Release of South Pole Telescope Data: Maps of a 95 deg$^{2}$ Field from 2008 Observations}",
  journal = {\apj},
archivePrefix = "arXiv",
   eprint = {1111.7245},
 primaryClass = "astro-ph.CO",
 keywords = {cosmic background radiation, cosmology: observations, methods: data analysis, surveys},
     year = 2011,
    month = dec,
   volume = 743,
      eid = {90},
    pages = {90},
      doi = {10.1088/0004-637X/743/1/90},
   adsurl = {http://adsabs.harvard.edu/abs/2011ApJ...743...90S},
  adsnote = {Provided by the SAO/NASA Astrophysics Data System}
}


@ARTICLE{2012RScI...83g3113D,
   author = {{Dobbs}, M.~A. and {Lueker}, M. and {Aird}, K.~A. and {Bender}, A.~N. and 
	{Benson}, B.~A. and {Bleem}, L.~E. and {Carlstrom}, J.~E. and 
	{Chang}, C.~L. and {Cho}, H.-M. and {Clarke}, J. and {Crawford}, T.~M. and 
	{Crites}, A.~T. and {Flanigan}, D.~I. and {de Haan}, T. and 
	{George}, E.~M. and {Halverson}, N.~W. and {Holzapfel}, W.~L. and 
	{Hrubes}, J.~D. and {Johnson}, B.~R. and {Joseph}, J. and {Keisler}, R. and 
	{Kennedy}, J. and {Kermish}, Z. and {Lanting}, T.~M. and {Lee}, A.~T. and 
	{Leitch}, E.~M. and {Luong-Van}, D. and {McMahon}, J.~J. and 
	{Mehl}, J. and {Meyer}, S.~S. and {Montroy}, T.~E. and {Padin}, S. and 
	{Plagge}, T. and {Pryke}, C. and {Richards}, P.~L. and {Ruhl}, J.~E. and 
	{Schaffer}, K.~K. and {Schwan}, D. and {Shirokoff}, E. and {Spieler}, H.~G. and 
	{Staniszewski}, Z. and {Stark}, A.~A. and {Vanderlinde}, K. and 
	{Vieira}, J.~D. and {Vu}, C. and {Westbrook}, B. and {Williamson}, R.
	},
    title = "{Frequency multiplexed superconducting quantum interference device readout of large bolometer arrays for cosmic microwave background measurements}",
  journal = {Review of Scientific Instruments},
archivePrefix = "arXiv",
   eprint = {1112.4215},
 primaryClass = "astro-ph.IM",
 keywords = {bolometers, millimetre wave detectors, SQUIDs, Bolometers, infrared submillimeter wave microwave and radiowave receivers and detectors},
     year = 2012,
    month = jul,
   volume = 83,
   number = 7,
    pages = {073113},
      doi = {10.1063/1.4737629},
   adsurl = {http://adsabs.harvard.edu/abs/2012RScI...83g3113D},
  adsnote = {Provided by the SAO/NASA Astrophysics Data System}
}
@ARTICLE{2013ApJ...763..147B,
   author = {{Benson}, B.~A. and {de Haan}, T. and {Dudley}, J.~P. and {Reichardt}, C.~L. and 
	{Aird}, K.~A. and {Andersson}, K. and {Armstrong}, R. and {Ashby}, M.~L.~N. and 
	{Bautz}, M. and {Bayliss}, M. and {Bazin}, G. and {Bleem}, L.~E. and 
	{Brodwin}, M. and {Carlstrom}, J.~E. and {Chang}, C.~L. and 
	{Cho}, H.~M. and {Clocchiatti}, A. and {Crawford}, T.~M. and 
	{Crites}, A.~T. and {Desai}, S. and {Dobbs}, M.~A. and {Foley}, R.~J. and 
	{Forman}, W.~R. and {George}, E.~M. and {Gladders}, M.~D. and 
	{Gonzalez}, A.~H. and {Halverson}, N.~W. and {Harrington}, N. and 
	{High}, F.~W. and {Holder}, G.~P. and {Holzapfel}, W.~L. and 
	{Hoover}, S. and {Hrubes}, J.~D. and {Jones}, C. and {Joy}, M. and 
	{Keisler}, R. and {Knox}, L. and {Lee}, A.~T. and {Leitch}, E.~M. and 
	{Liu}, J. and {Lueker}, M. and {Luong-Van}, D. and {Mantz}, A. and 
	{Marrone}, D.~P. and {McDonald}, M. and {McMahon}, J.~J. and 
	{Mehl}, J. and {Meyer}, S.~S. and {Mocanu}, L. and {Mohr}, J.~J. and 
	{Montroy}, T.~E. and {Murray}, S.~S. and {Natoli}, T. and {Padin}, S. and 
	{Plagge}, T. and {Pryke}, C. and {Rest}, A. and {Ruel}, J. and 
	{Ruhl}, J.~E. and {Saliwanchik}, B.~R. and {Saro}, A. and {Sayre}, J.~T. and 
	{Schaffer}, K.~K. and {Shaw}, L. and {Shirokoff}, E. and {Song}, J. and 
	{Spieler}, H.~G. and {Stalder}, B. and {Staniszewski}, Z. and 
	{Stark}, A.~A. and {Story}, K. and {Stubbs}, C.~W. and {Suhada}, R. and 
	{van Engelen}, A. and {Vanderlinde}, K. and {Vieira}, J.~D. and 
	{Vikhlinin}, A. and {Williamson}, R. and {Zahn}, O. and {Zenteno}, A.
	},
    title = "{Cosmological Constraints from Sunyaev-Zel'dovich-selected Clusters with X-Ray Observations in the First 178 deg$^{2}$ of the South Pole Telescope Survey}",
  journal = {\apj},
archivePrefix = "arXiv",
   eprint = {1112.5435},
 primaryClass = "astro-ph.CO",
 keywords = {cosmic background radiation, cosmology: observations, galaxies: clusters: general, large-scale structure of universe},
     year = 2013,
    month = feb,
   volume = 763,
      eid = {147},
    pages = {147},
      doi = {10.1088/0004-637X/763/2/147},
   adsurl = {http://adsabs.harvard.edu/abs/2013ApJ...763..147B},
  adsnote = {Provided by the SAO/NASA Astrophysics Data System}
}

@ARTICLE{2012ApJ...756..142V,
   author = {{van Engelen}, A. and {Keisler}, R. and {Zahn}, O. and {Aird}, K.~A. and 
	{Benson}, B.~A. and {Bleem}, L.~E. and {Carlstrom}, J.~E. and 
	{Chang}, C.~L. and {Cho}, H.~M. and {Crawford}, T.~M. and {Crites}, A.~T. and 
	{de Haan}, T. and {Dobbs}, M.~A. and {Dudley}, J. and {George}, E.~M. and 
	{Halverson}, N.~W. and {Holder}, G.~P. and {Holzapfel}, W.~L. and 
	{Hoover}, S. and {Hou}, Z. and {Hrubes}, J.~D. and {Joy}, M. and 
	{Knox}, L. and {Lee}, A.~T. and {Leitch}, E.~M. and {Lueker}, M. and 
	{Luong-Van}, D. and {McMahon}, J.~J. and {Mehl}, J. and {Meyer}, S.~S. and 
	{Millea}, M. and {Mohr}, J.~J. and {Montroy}, T.~E. and {Natoli}, T. and 
	{Padin}, S. and {Plagge}, T. and {Pryke}, C. and {Reichardt}, C.~L. and 
	{Ruhl}, J.~E. and {Sayre}, J.~T. and {Schaffer}, K.~K. and {Shaw}, L. and 
	{Shirokoff}, E. and {Spieler}, H.~G. and {Staniszewski}, Z. and 
	{Stark}, A.~A. and {Story}, K. and {Vanderlinde}, K. and {Vieira}, J.~D. and 
	{Williamson}, R.},
    title = "{A Measurement of Gravitational Lensing of the Microwave Background Using South Pole Telescope Data}",
  journal = {\apj},
archivePrefix = "arXiv",
   eprint = {1202.0546},
 primaryClass = "astro-ph.CO",
 keywords = {cosmic background radiation, cosmological parameters, cosmology: observations, gravitational lensing: weak, large-scale structure of universe},
     year = 2012,
    month = sep,
   volume = 756,
      eid = {142},
    pages = {142},
      doi = {10.1088/0004-637X/756/2/142},
   adsurl = {http://adsabs.harvard.edu/abs/2012ApJ...756..142V},
  adsnote = {Provided by the SAO/NASA Astrophysics Data System}
}
@ARTICLE{2012ApJ...753L...9B,
   author = {{Bleem}, L.~E. and {van Engelen}, A. and {Holder}, G.~P. and 
	{Aird}, K.~A. and {Armstrong}, R. and {Ashby}, M.~L.~N. and 
	{Becker}, M.~R. and {Benson}, B.~A. and {Biesiadzinski}, T. and 
	{Brodwin}, M. and {Busha}, M.~T. and {Carlstrom}, J.~E. and 
	{Chang}, C.~L. and {Cho}, H.~M. and {Crawford}, T.~M. and {Crites}, A.~T. and 
	{de Haan}, T. and {Desai}, S. and {Dobbs}, M.~A. and {Dor{\'e}}, O. and 
	{Dudley}, J. and {Geach}, J.~E. and {George}, E.~M. and {Gladders}, M.~D. and 
	{Gonzalez}, A.~H. and {Halverson}, N.~W. and {Harrington}, N. and 
	{High}, F.~W. and {Holden}, B.~P. and {Holzapfel}, W.~L. and 
	{Hoover}, S. and {Hrubes}, J.~D. and {Joy}, M. and {Keisler}, R. and 
	{Knox}, L. and {Lee}, A.~T. and {Leitch}, E.~M. and {Lueker}, M. and 
	{Luong-Van}, D. and {Marrone}, D.~P. and {Martinez-Manso}, J. and 
	{McMahon}, J.~J. and {Mehl}, J. and {Meyer}, S.~S. and {Mohr}, J.~J. and 
	{Montroy}, T.~E. and {Natoli}, T. and {Padin}, S. and {Plagge}, T. and 
	{Pryke}, C. and {Reichardt}, C.~L. and {Rest}, A. and {Ruhl}, J.~E. and 
	{Saliwanchik}, B.~R. and {Sayre}, J.~T. and {Schaffer}, K.~K. and 
	{Shaw}, L. and {Shirokoff}, E. and {Spieler}, H.~G. and {Stalder}, B. and 
	{Stanford}, S.~A. and {Staniszewski}, Z. and {Stark}, A.~A. and 
	{Stern}, D. and {Story}, K. and {Vallinotto}, A. and {Vanderlinde}, K. and 
	{Vieira}, J.~D. and {Wechsler}, R.~H. and {Williamson}, R. and 
	{Zahn}, O.},
    title = "{A Measurement of the Correlation of Galaxy Surveys with CMB Lensing Convergence Maps from the South Pole Telescope}",
  journal = {\apjl},
archivePrefix = "arXiv",
   eprint = {1203.4808},
 primaryClass = "astro-ph.CO",
 keywords = {cosmic background radiation, galaxies: structure},
     year = 2012,
    month = jul,
   volume = 753,
      eid = {L9},
    pages = {L9},
      doi = {10.1088/2041-8205/753/1/L9},
   adsurl = {http://adsabs.harvard.edu/abs/2012ApJ...753L...9B},
  adsnote = {Provided by the SAO/NASA Astrophysics Data System}
}
@ARTICLE{2013ApJ...763..127R,
   author = {{Reichardt}, C.~L. and {Stalder}, B. and {Bleem}, L.~E. and 
	{Montroy}, T.~E. and {Aird}, K.~A. and {Andersson}, K. and {Armstrong}, R. and 
	{Ashby}, M.~L.~N. and {Bautz}, M. and {Bayliss}, M. and {Bazin}, G. and 
	{Benson}, B.~A. and {Brodwin}, M. and {Carlstrom}, J.~E. and 
	{Chang}, C.~L. and {Cho}, H.~M. and {Clocchiatti}, A. and {Crawford}, T.~M. and 
	{Crites}, A.~T. and {de Haan}, T. and {Desai}, S. and {Dobbs}, M.~A. and 
	{Dudley}, J.~P. and {Foley}, R.~J. and {Forman}, W.~R. and {George}, E.~M. and 
	{Gladders}, M.~D. and {Gonzalez}, A.~H. and {Halverson}, N.~W. and 
	{Harrington}, N.~L. and {High}, F.~W. and {Holder}, G.~P. and 
	{Holzapfel}, W.~L. and {Hoover}, S. and {Hrubes}, J.~D. and 
	{Jones}, C. and {Joy}, M. and {Keisler}, R. and {Knox}, L. and 
	{Lee}, A.~T. and {Leitch}, E.~M. and {Liu}, J. and {Lueker}, M. and 
	{Luong-Van}, D. and {Mantz}, A. and {Marrone}, D.~P. and {McDonald}, M. and 
	{McMahon}, J.~J. and {Mehl}, J. and {Meyer}, S.~S. and {Mocanu}, L. and 
	{Mohr}, J.~J. and {Murray}, S.~S. and {Natoli}, T. and {Padin}, S. and 
	{Plagge}, T. and {Pryke}, C. and {Rest}, A. and {Ruel}, J. and 
	{Ruhl}, J.~E. and {Saliwanchik}, B.~R. and {Saro}, A. and {Sayre}, J.~T. and 
	{Schaffer}, K.~K. and {Shaw}, L. and {Shirokoff}, E. and {Song}, J. and 
	{Spieler}, H.~G. and {Staniszewski}, Z. and {Stark}, A.~A. and 
	{Story}, K. and {Stubbs}, C.~W. and {{\v S}uhada}, R. and {van Engelen}, A. and 
	{Vanderlinde}, K. and {Vieira}, J.~D. and {Vikhlinin}, A. and 
	{Williamson}, R. and {Zahn}, O. and {Zenteno}, A.},
    title = "{Galaxy Clusters Discovered via the Sunyaev-Zel'dovich Effect in the First 720 Square Degrees of the South Pole Telescope Survey}",
  journal = {\apj},
archivePrefix = "arXiv",
   eprint = {1203.5775},
 primaryClass = "astro-ph.CO",
 keywords = {cosmic background radiation, cosmology: observations, galaxies: clusters: individual, large-scale structure of universe},
     year = 2013,
    month = feb,
   volume = 763,
      eid = {127},
    pages = {127},
      doi = {10.1088/0004-637X/763/2/127},
   adsurl = {http://adsabs.harvard.edu/abs/2013ApJ...763..127R},
  adsnote = {Provided by the SAO/NASA Astrophysics Data System}
}
@ARTICLE{2012ApJ...758...68H,
   author = {{High}, F.~W. and {Hoekstra}, H. and {Leethochawalit}, N. and 
	{de Haan}, T. and {Abramson}, L. and {Aird}, K.~A. and {Armstrong}, R. and 
	{Ashby}, M.~L.~N. and {Bautz}, M. and {Bayliss}, M. and {Bazin}, G. and 
	{Benson}, B.~A. and {Bleem}, L.~E. and {Brodwin}, M. and {Carlstrom}, J.~E. and 
	{Chang}, C.~L. and {Cho}, H.~M. and {Clocchiatti}, A. and {Conroy}, M. and 
	{Crawford}, T.~M. and {Crites}, A.~T. and {Desai}, S. and {Dobbs}, M.~A. and 
	{Dudley}, J.~P. and {Foley}, R.~J. and {Forman}, W.~R. and {George}, E.~M. and 
	{Gladders}, M.~D. and {Gonzalez}, A.~H. and {Halverson}, N.~W. and 
	{Harrington}, N.~L. and {Holder}, G.~P. and {Holzapfel}, W.~L. and 
	{Hoover}, S. and {Hrubes}, J.~D. and {Jones}, C. and {Joy}, M. and 
	{Keisler}, R. and {Knox}, L. and {Lee}, A.~T. and {Leitch}, E.~M. and 
	{Liu}, J. and {Lueker}, M. and {Luong-Van}, D. and {Mantz}, A. and 
	{Marrone}, D.~P. and {McDonald}, M. and {McMahon}, J.~J. and 
	{Mehl}, J. and {Meyer}, S.~S. and {Mocanu}, L. and {Mohr}, J.~J. and 
	{Montroy}, T.~E. and {Murray}, S.~S. and {Natoli}, T. and {Nurgaliev}, D. and 
	{Padin}, S. and {Plagge}, T. and {Pryke}, C. and {Reichardt}, C.~L. and 
	{Rest}, A. and {Ruel}, J. and {Ruhl}, J.~E. and {Saliwanchik}, B.~R. and 
	{Saro}, A. and {Sayre}, J.~T. and {Schaffer}, K.~K. and {Shaw}, L. and 
	{Schrabback}, T. and {Shirokoff}, E. and {Song}, J. and {Spieler}, H.~G. and 
	{Stalder}, B. and {Staniszewski}, Z. and {Stark}, A.~A. and 
	{Story}, K. and {Stubbs}, C.~W. and {{\v S}uhada}, R. and {Tokarz}, S. and 
	{van Engelen}, A. and {Vanderlinde}, K. and {Vieira}, J.~D. and 
	{Vikhlinin}, A. and {Williamson}, R. and {Zahn}, O. and {Zenteno}, A.
	},
    title = "{Weak-lensing Mass Measurements of Five Galaxy Clusters in the South Pole Telescope Survey Using Magellan/Megacam}",
  journal = {\apj},
archivePrefix = "arXiv",
   eprint = {1205.3103},
 primaryClass = "astro-ph.CO",
 keywords = {cosmology: observations, galaxies: clusters: individual},
     year = 2012,
    month = oct,
   volume = 758,
      eid = {68},
    pages = {68},
      doi = {10.1088/0004-637X/758/1/68},
   adsurl = {http://adsabs.harvard.edu/abs/2012ApJ...758...68H},
  adsnote = {Provided by the SAO/NASA Astrophysics Data System}
}

@ARTICLE{2013ApJ...763...93S,
   author = {{Stalder}, B. and {Ruel}, J. and {{\v S}uhada}, R. and {Brodwin}, M. and 
	{Aird}, K.~A. and {Andersson}, K. and {Armstrong}, R. and {Ashby}, M.~L.~N. and 
	{Bautz}, M. and {Bayliss}, M. and {Bazin}, G. and {Benson}, B.~A. and 
	{Bleem}, L.~E. and {Carlstrom}, J.~E. and {Chang}, C.~L. and 
	{Cho}, H.~M. and {Clocchiatti}, A. and {Crawford}, T.~M. and 
	{Crites}, A.~T. and {de Haan}, T. and {Desai}, S. and {Dobbs}, M.~A. and 
	{Dudley}, J.~P. and {Foley}, R.~J. and {Forman}, W.~R. and {George}, E.~M. and 
	{Gettings}, D. and {Gladders}, M.~D. and {Gonzalez}, A.~H. and 
	{Halverson}, N.~W. and {Harrington}, N.~L. and {High}, F.~W. and 
	{Holder}, G.~P. and {Holzapfel}, W.~L. and {Hoover}, S. and 
	{Hrubes}, J.~D. and {Jones}, C. and {Joy}, M. and {Keisler}, R. and 
	{Knox}, L. and {Lee}, A.~T. and {Leitch}, E.~M. and {Liu}, J. and 
	{Lueker}, M. and {Luong-Van}, D. and {Mantz}, A. and {Marrone}, D.~P. and 
	{McDonald}, M. and {McMahon}, J.~J. and {Mehl}, J. and {Meyer}, S.~S. and 
	{Mocanu}, L. and {Mohr}, J.~J. and {Montroy}, T.~E. and {Murray}, S.~S. and 
	{Natoli}, T. and {Nurgaliev}, D. and {Padin}, S. and {Plagge}, T. and 
	{Pryke}, C. and {Reichardt}, C.~L. and {Rest}, A. and {Ruhl}, J.~E. and 
	{Saliwanchik}, B.~R. and {Saro}, A. and {Sayre}, J.~T. and {Schaffer}, K.~K. and 
	{Shaw}, L. and {Shirokoff}, E. and {Song}, J. and {Spieler}, H.~G. and 
	{Stanford}, S.~A. and {Staniszewski}, Z. and {Stark}, A.~A. and 
	{Story}, K. and {Stubbs}, C.~W. and {van Engelen}, A. and {Vanderlinde}, K. and 
	{Vieira}, J.~D. and {Vikhlinin}, A. and {Williamson}, R. and 
	{Zahn}, O. and {Zenteno}, A.},
    title = "{SPT-CL J0205-5829: A z = 1.32 Evolved Massive Galaxy Cluster in the South Pole Telescope Sunyaev-Zel'dovich Effect Survey}",
  journal = {\apj},
archivePrefix = "arXiv",
   eprint = {1205.6478},
 primaryClass = "astro-ph.CO",
 keywords = {early universe, galaxies: clusters: individual: SPT-CL J0205{\ndash}5829, galaxies: evolution, galaxies: formation, large-scale structure of universe},
     year = 2013,
    month = feb,
   volume = 763,
      eid = {93},
    pages = {93},
      doi = {10.1088/0004-637X/763/2/93},
   adsurl = {http://adsabs.harvard.edu/abs/2013ApJ...763...93S},
  adsnote = {Provided by the SAO/NASA Astrophysics Data System}
}

@ARTICLE{2012ApJ...756..101G,
   author = {{Greve}, T.~R. and {Vieira}, J.~D. and {Wei{\ss}}, A. and {Aguirre}, J.~E. and 
	{Aird}, K.~A. and {Ashby}, M.~L.~N. and {Benson}, B.~A. and 
	{Bleem}, L.~E. and {Bradford}, C.~M. and {Brodwin}, M. and {Carlstrom}, J.~E. and 
	{Chang}, C.~L. and {Chapman}, S.~C. and {Crawford}, T.~M. and 
	{de Breuck}, C. and {de Haan}, T. and {Dobbs}, M.~A. and {Downes}, T. and 
	{Fassnacht}, C.~D. and {Fazio}, G. and {George}, E.~M. and {Gladders}, M. and 
	{Gonzalez}, A.~H. and {Halverson}, N.~W. and {Hezaveh}, Y. and 
	{High}, F.~W. and {Holder}, G.~P. and {Holzapfel}, W.~L. and 
	{Hoover}, S. and {Hrubes}, J.~D. and {Johnson}, M. and {Keisler}, R. and 
	{Knox}, L. and {Lee}, A.~T. and {Leitch}, E.~M. and {Lueker}, M. and 
	{Luong-Van}, D. and {Malkan}, M. and {Marrone}, D.~P. and {McIntyre}, V. and 
	{McMahon}, J.~J. and {Mehl}, J. and {Menten}, K.~M. and {Meyer}, S.~S. and 
	{Montroy}, T. and {Murphy}, E.~J. and {Natoli}, T. and {Padin}, S. and 
	{Plagge}, T. and {Pryke}, C. and {Reichardt}, C.~L. and {Rest}, A. and 
	{Rosenman}, M. and {Ruel}, J. and {Ruhl}, J.~E. and {Schaffer}, K.~K. and 
	{Sharon}, K. and {Shaw}, L. and {Shirokoff}, E. and {Stalder}, B. and 
	{Stanford}, S.~A. and {Staniszewski}, Z. and {Stark}, A.~A. and 
	{Story}, K. and {Vanderlinde}, K. and {Walsh}, W. and {Welikala}, N. and 
	{Williamson}, R.},
    title = "{Submillimeter Observations of Millimeter Bright Galaxies Discovered by the South Pole Telescope}",
  journal = {\apj},
archivePrefix = "arXiv",
   eprint = {1206.4550},
 primaryClass = "astro-ph.CO",
 keywords = {galaxies: evolution, galaxies: formation, galaxies: high-redshift, galaxies: starburst, submillimeter: galaxies},
     year = 2012,
    month = sep,
   volume = 756,
      eid = {101},
    pages = {101},
      doi = {10.1088/0004-637X/756/1/101},
   adsurl = {http://adsabs.harvard.edu/abs/2012ApJ...756..101G},
  adsnote = {Provided by the SAO/NASA Astrophysics Data System}
}

@ARTICLE{2012ApJ...761...22S,
   author = {{Song}, J. and {Zenteno}, A. and {Stalder}, B. and {Desai}, S. and 
	{Bleem}, L.~E. and {Aird}, K.~A. and {Armstrong}, R. and {Ashby}, M.~L.~N. and 
	{Bayliss}, M. and {Bazin}, G. and {Benson}, B.~A. and {Bertin}, E. and 
	{Brodwin}, M. and {Carlstrom}, J.~E. and {Chang}, C.~L. and 
	{Cho}, H.~M. and {Clocchiatti}, A. and {Crawford}, T.~M. and 
	{Crites}, A.~T. and {de Haan}, T. and {Dobbs}, M.~A. and {Dudley}, J.~P. and 
	{Foley}, R.~J. and {George}, E.~M. and {Gettings}, D. and {Gladders}, M.~D. and 
	{Gonzalez}, A.~H. and {Halverson}, N.~W. and {Harrington}, N.~L. and 
	{High}, F.~W. and {Holder}, G.~P. and {Holzapfel}, W.~L. and 
	{Hoover}, S. and {Hrubes}, J.~D. and {Joy}, M. and {Keisler}, R. and 
	{Knox}, L. and {Lee}, A.~T. and {Leitch}, E.~M. and {Liu}, J. and 
	{Lueker}, M. and {Luong-Van}, D. and {Marrone}, D.~P. and {McDonald}, M. and 
	{McMahon}, J.~J. and {Mehl}, J. and {Meyer}, S.~S. and {Mocanu}, L. and 
	{Mohr}, J.~J. and {Montroy}, T.~E. and {Natoli}, T. and {Nurgaliev}, D. and 
	{Padin}, S. and {Plagge}, T. and {Pryke}, C. and {Reichardt}, C.~L. and 
	{Rest}, A. and {Ruel}, J. and {Ruhl}, J.~E. and {Saliwanchik}, B.~R. and 
	{Saro}, A. and {Sayre}, J.~T. and {Schaffer}, K.~K. and {Shaw}, L. and 
	{Shirokoff}, E. and {{\v S}uhada}, R. and {Spieler}, H.~G. and 
	{Stanford}, S.~A. and {Staniszewski}, Z. and {Stark}, A.~A. and 
	{Story}, K. and {Stubbs}, C.~W. and {van Engelen}, A. and {Vanderlinde}, K. and 
	{Vieira}, J.~D. and {Williamson}, R. and {Zahn}, O.},
    title = "{Redshifts, Sample Purity, and BCG Positions for the Galaxy Cluster Catalog from the First 720 Square Degrees of the South Pole Telescope Survey}",
  journal = {\apj},
archivePrefix = "arXiv",
   eprint = {1207.4369},
 primaryClass = "astro-ph.CO",
 keywords = {cosmology: observations, galaxies: clusters: general, galaxies: distances and redshifts },
     year = 2012,
    month = dec,
   volume = 761,
      eid = {22},
    pages = {22},
      doi = {10.1088/0004-637X/761/1/22},
   adsurl = {http://adsabs.harvard.edu/abs/2012ApJ...761...22S},
  adsnote = {Provided by the SAO/NASA Astrophysics Data System}
}

@ARTICLE{2012ApJ...760..145Q,
   author = {{QUIET Collaboration} and {Araujo}, D. and {Bischoff}, C. and 
	{Brizius}, A. and {Buder}, I. and {Chinone}, Y. and {Cleary}, K. and 
	{Dumoulin}, R.~N. and {Kusaka}, A. and {Monsalve}, R. and {N{\ae}ss}, S.~K. and 
	{Newburgh}, L.~B. and {Reeves}, R. and {Wehus}, I.~K. and {Zwart}, J.~T.~L. and 
	{Bronfman}, L. and {Bustos}, R. and {Church}, S.~E. and {Dickinson}, C. and 
	{Eriksen}, H.~K. and {Gaier}, T. and {Gundersen}, J.~O. and 
	{Hasegawa}, M. and {Hazumi}, M. and {Huffenberger}, K.~M. and 
	{Ishidoshiro}, K. and {Jones}, M.~E. and {Kangaslahti}, P. and 
	{Kapner}, D.~J. and {Kubik}, D. and {Lawrence}, C.~R. and {Limon}, M. and 
	{McMahon}, J.~J. and {Miller}, A.~D. and {Nagai}, M. and {Nguyen}, H. and 
	{Nixon}, G. and {Pearson}, T.~J. and {Piccirillo}, L. and {Radford}, S.~J.~E. and 
	{Readhead}, A.~C.~S. and {Richards}, J.~L. and {Samtleben}, D. and 
	{Seiffert}, M. and {Shepherd}, M.~C. and {Smith}, K.~M. and 
	{Staggs}, S.~T. and {Tajima}, O. and {Thompson}, K.~L. and {Vanderlinde}, K. and 
	{Williamson}, R.},
    title = "{Second Season QUIET Observations: Measurements of the Cosmic Microwave Background Polarization Power Spectrum at 95 GHz}",
  journal = {\apj},
archivePrefix = "arXiv",
   eprint = {1207.5034},
 primaryClass = "astro-ph.CO",
 keywords = {cosmic background radiation, cosmology: observations, gravitational waves, inflation, polarization},
     year = 2012,
    month = dec,
   volume = 760,
      eid = {145},
    pages = {145},
      doi = {10.1088/0004-637X/760/2/145},
   adsurl = {http://adsabs.harvard.edu/abs/2012ApJ...760..145Q},
  adsnote = {Provided by the SAO/NASA Astrophysics Data System}
}

@ARTICLE{2012arXiv1207.5562Q,
   author = {{QUIET Collaboration} and {Bischoff}, C. and {Brizius}, A. and 
	{Buder}, I. and {Chinone}, Y. and {Cleary}, K. and {Dumoulin}, R.~N. and 
	{Kusaka}, A. and {Monsalve}, R. and {Naess}, S.~K. and {Newburgh}, L.~B. and 
	{Nixon}, G. and {Reeves}, R. and {Smith}, K.~M. and {Vanderlinde}, K. and 
	{Wehus}, I.~K. and {Bogdan}, M. and {Bustos}, R. and {Church}, S.~E. and 
	{Davis}, R. and {Dickinson}, C. and {Eriksen}, H.~K. and {Gaier}, T. and 
	{Gundersen}, J.~O. and {Hasegawa}, M. and {Hazumi}, M. and {Holler}, C. and 
	{Huffenberger}, K.~M. and {Imbriale}, W.~A. and {Ishidoshiro}, K. and 
	{Jones}, M.~E. and {Kangaslahti}, P. and {Kapner}, D.~J. and 
	{Lawrence}, C.~R. and {Leitch}, E.~M. and {Limon}, M. and {McMahon}, J.~J. and 
	{Miller}, A.~D. and {Nagai}, M. and {Nguyen}, H. and {Pearson}, T.~J. and 
	{Piccirillo}, L. and {Radford}, S.~J.~E. and {Readhead}, A.~C.~S. and 
	{Richards}, J.~L. and {Samtleben}, D. and {Seiffert}, M. and 
	{Shepherd}, M.~C. and {Staggs}, S.~T. and {Tajima}, O. and {Thompson}, K.~L. and 
	{Williamson}, R. and {Winstein}, B. and {Wollack}, E.~J. and 
	{Zwart}, J.~T.~L.},
    title = "{The QUIET Instrument}",
  journal = {ArXiv e-prints},
archivePrefix = "arXiv",
   eprint = {1207.5562},
 primaryClass = "astro-ph.IM",
 keywords = {Astrophysics - Instrumentation and Methods for Astrophysics, Astrophysics - Cosmology and Extragalactic Astrophysics},
     year = 2012,
    month = jul,
   adsurl = {http://adsabs.harvard.edu/abs/2012arXiv1207.5562Q},
  adsnote = {Provided by the SAO/NASA Astrophysics Data System}
}


@ARTICLE{2012Natur.488..349M,
   author = {{McDonald}, M. and {Bayliss}, M. and {Benson}, B.~A. and {Foley}, R.~J. and 
	{Ruel}, J. and {Sullivan}, P. and {Veilleux}, S. and {Aird}, K.~A. and 
	{Ashby}, M.~L.~N. and {Bautz}, M. and {Bazin}, G. and {Bleem}, L.~E. and 
	{Brodwin}, M. and {Carlstrom}, J.~E. and {Chang}, C.~L. and 
	{Cho}, H.~M. and {Clocchiatti}, A. and {Crawford}, T.~M. and 
	{Crites}, A.~T. and {de Haan}, T. and {Desai}, S. and {Dobbs}, M.~A. and 
	{Dudley}, J.~P. and {Egami}, E. and {Forman}, W.~R. and {Garmire}, G.~P. and 
	{George}, E.~M. and {Gladders}, M.~D. and {Gonzalez}, A.~H. and 
	{Halverson}, N.~W. and {Harrington}, N.~L. and {High}, F.~W. and 
	{Holder}, G.~P. and {Holzapfel}, W.~L. and {Hoover}, S. and 
	{Hrubes}, J.~D. and {Jones}, C. and {Joy}, M. and {Keisler}, R. and 
	{Knox}, L. and {Lee}, A.~T. and {Leitch}, E.~M. and {Liu}, J. and 
	{Lueker}, M. and {Luong-van}, D. and {Mantz}, A. and {Marrone}, D.~P. and 
	{McMahon}, J.~J. and {Mehl}, J. and {Meyer}, S.~S. and {Miller}, E.~D. and 
	{Mocanu}, L. and {Mohr}, J.~J. and {Montroy}, T.~E. and {Murray}, S.~S. and 
	{Natoli}, T. and {Padin}, S. and {Plagge}, T. and {Pryke}, C. and 
	{Rawle}, T.~D. and {Reichardt}, C.~L. and {Rest}, A. and {Rex}, M. and 
	{Ruhl}, J.~E. and {Saliwanchik}, B.~R. and {Saro}, A. and {Sayre}, J.~T. and 
	{Schaffer}, K.~K. and {Shaw}, L. and {Shirokoff}, E. and {Simcoe}, R. and 
	{Song}, J. and {Spieler}, H.~G. and {Stalder}, B. and {Staniszewski}, Z. and 
	{Stark}, A.~A. and {Story}, K. and {Stubbs}, C.~W. and {{\v S}uhada}, R. and 
	{van Engelen}, A. and {Vanderlinde}, K. and {Vieira}, J.~D. and 
	{Vikhlinin}, A. and {Williamson}, R. and {Zahn}, O. and {Zenteno}, A.
	},
    title = "{A massive, cooling-flow-induced starburst in the core of a luminous cluster of galaxies}",
  journal = {\nat},
archivePrefix = "arXiv",
   eprint = {1208.2962},
 primaryClass = "astro-ph.CO",
     year = 2012,
    month = aug,
   volume = 488,
    pages = {349-352},
      doi = {10.1038/nature11379},
   adsurl = {http://adsabs.harvard.edu/abs/2012Natur.488..349M},
  adsnote = {Provided by the SAO/NASA Astrophysics Data System}
}

@ARTICLE{2012ApJ...761..183S,
   author = {{Semler}, D.~R. and {{\v S}uhada}, R. and {Aird}, K.~A. and 
	{Ashby}, M.~L.~N. and {Bautz}, M. and {Bayliss}, M. and {Bazin}, G. and 
	{Bocquet}, S. and {Benson}, B.~A. and {Bleem}, L.~E. and {Brodwin}, M. and 
	{Carlstrom}, J.~E. and {Chang}, C.~L. and {Cho}, H.~M. and {Clocchiatti}, A. and 
	{Crawford}, T.~M. and {Crites}, A.~T. and {de Haan}, T. and 
	{Desai}, S. and {Dobbs}, M.~A. and {Dudley}, J.~P. and {Foley}, R.~J. and 
	{George}, E.~M. and {Gladders}, M.~D. and {Gonzalez}, A.~H. and 
	{Halverson}, N.~W. and {Harrington}, N.~L. and {High}, F.~W. and 
	{Holder}, G.~P. and {Holzapfel}, W.~L. and {Hoover}, S. and 
	{Hrubes}, J.~D. and {Jones}, C. and {Joy}, M. and {Keisler}, R. and 
	{Knox}, L. and {Lee}, A.~T. and {Leitch}, E.~M. and {Liu}, J. and 
	{Lueker}, M. and {Luong-Van}, D. and {Mantz}, A. and {Marrone}, D.~P. and 
	{McDonald}, M. and {McMahon}, J.~J. and {Mehl}, J. and {Meyer}, S.~S. and 
	{Mocanu}, L. and {Mohr}, J.~J. and {Montroy}, T.~E. and {Murray}, S.~S. and 
	{Natoli}, T. and {Padin}, S. and {Plagge}, T. and {Pryke}, C. and 
	{Reichardt}, C.~L. and {Rest}, A. and {Ruel}, J. and {Ruhl}, J.~E. and 
	{Saliwanchik}, B.~R. and {Saro}, A. and {Sayre}, J.~T. and {Schaffer}, K.~K. and 
	{Shaw}, L. and {Shirokoff}, E. and {Song}, J. and {Spieler}, H.~G. and 
	{Stalder}, B. and {Staniszewski}, Z. and {Stark}, A.~A. and 
	{Story}, K. and {Stubbs}, C.~W. and {van Engelen}, A. and {Vanderlinde}, K. and 
	{Vieira}, J.~D. and {Vikhlinin}, A. and {Williamson}, R. and 
	{Zahn}, O. and {Zenteno}, A.},
    title = "{High-redshift Cool-core Galaxy Clusters Detected via the Sunyaev-Zel'dovich Effect in the South Pole Telescope Survey}",
  journal = {\apj},
archivePrefix = "arXiv",
   eprint = {1208.3368},
 primaryClass = "astro-ph.CO",
 keywords = {galaxies: clusters: general, X-rays: galaxies: clusters},
     year = 2012,
    month = dec,
   volume = 761,
      eid = {183},
    pages = {183},
      doi = {10.1088/0004-637X/761/2/183},
   adsurl = {http://adsabs.harvard.edu/abs/2012ApJ...761..183S},
  adsnote = {Provided by the SAO/NASA Astrophysics Data System}
}

@INPROCEEDINGS{2012SPIE.8451E..0TS,
   author = {{Story}, K. and {Leitch}, E. and {Ade}, P. and {Aird}, K.~A. and 
	{Austermann}, J.~E. and {Beall}, J.~A. and {Becker}, D. and 
	{Bender}, A.~N. and {Benson}, B.~A. and {Bleem}, L.~E. and {Britton}, J. and 
	{Carlstrom}, J.~E. and {Chang}, C.~L. and {Chiang}, H.~C. and 
	{Cho}, H.-M. and {Crawford}, T.~M. and {Crites}, A.~T. and {Datesman}, A. and 
	{de Haan}, T. and {Dobbs}, M.~A. and {Everett}, W. and {Ewall-Wice}, A. and 
	{George}, E.~M. and {Halverson}, N.~W. and {Harrington}, N. and 
	{Henning}, J.~W. and {Hilton}, G.~C. and {Holzapfel}, W.~L. and 
	{Hoover}, S. and {Huang}, N. and {Hubmayr}, J. and {Irwin}, K.~D. and 
	{Karfunkle}, M. and {Keisler}, R. and {Kennedy}, J. and {Lee}, A.~T. and 
	{Li}, D. and {Lueker}, M. and {Marrone}, D.~P. and {McMahon}, J.~J. and 
	{Mehl}, J. and {Meyer}, S.~S. and {Montgomery}, J. and {Montroy}, T.~E. and 
	{Nagy}, J. and {Natoli}, T. and {Nibarger}, J.~P. and {Niemack}, M.~D. and 
	{Novosad}, V. and {Padin}, S. and {Pryke}, C. and {Reichardt}, C.~L. and 
	{Ruhl}, J.~E. and {Saliwanchik}, B.~R. and {Sayre}, J.~T. and 
	{Schaffer}, K.~K. and {Shirokoff}, E. and {Smecher}, G. and 
	{Stalder}, B. and {Tucker}, C. and {Vanderlinde}, K. and {Vieira}, J.~D. and 
	{Wang}, G. and {Williamson}, R. and {Yefremenko}, V. and {Yoon}, K.~W. and 
	{Young}, E.},
    title = "{South Pole Telescope software systems: control, monitoring, and data acquisition}",
booktitle = {Society of Photo-Optical Instrumentation Engineers (SPIE) Conference Series},
     year = 2012,
   series = {Society of Photo-Optical Instrumentation Engineers (SPIE) Conference Series},
   volume = 8451,
archivePrefix = "arXiv",
   eprint = {1210.4966},
 primaryClass = "astro-ph.IM",
    month = sep,
      eid = {84510T},
      doi = {10.1117/12.925808},
   adsurl = {http://adsabs.harvard.edu/abs/2012SPIE.8451E..0TS},
  adsnote = {Provided by the SAO/NASA Astrophysics Data System}
}
@INPROCEEDINGS{2012SPIE.8452E..39S,
   author = {{Sayre}, J.~T. and {Ade}, P. and {Aird}, K.~A. and {Austermann}, J.~E. and 
	{Beall}, J.~A. and {Becker}, D. and {Benson}, B.~A. and {Bleem}, L.~E. and 
	{Britton}, J. and {Carlstrom}, J.~E. and {Chang}, C.~L. and 
	{Cho}, H.-M. and {Crawford}, T.~M. and {Crites}, A.~T. and {Datesman}, A. and 
	{de Haan}, T. and {Dobbs}, M.~A. and {Everett}, W. and {Ewall-Wice}, A. and 
	{George}, E.~M. and {Halverson}, N.~W. and {Harrington}, N. and 
	{Henning}, J.~W. and {Hilton}, G.~C. and {Holzapfel}, W.~L. and 
	{Hubmayr}, J. and {Irwin}, K.~D. and {Karfunkle}, M. and {Keisler}, R. and 
	{Kennedy}, J. and {Lee}, A.~T. and {Leitch}, E. and {Li}, D. and 
	{Lueker}, M. and {Marrone}, D.~P. and {McMahon}, J.~J. and {Mehl}, J. and 
	{Meyer}, S.~S. and {Montgomery}, J. and {Montroy}, T.~E. and 
	{Nagy}, J. and {Natoli}, T. and {Nibarger}, J.~P. and {Niemack}, M.~D. and 
	{Novosad}, V. and {Padin}, S. and {Pryke}, C. and {Reichardt}, C.~L. and 
	{Ruhl}, J.~E. and {Saliwanchik}, B.~R. and {Schaffer}, K.~K. and 
	{Shirokoff}, E. and {Story}, K. and {Tucker}, C. and {Vanderlinde}, K. and 
	{Vieira}, J.~D. and {Wang}, G. and {Williamson}, R. and {Yefremenko}, V. and 
	{Yoon}, K.~W. and {Young}, E.},
    title = "{Design and characterization of 90 GHz feedhorn-coupled TES polarimeter pixels in the SPTPol camera}",
booktitle = {Society of Photo-Optical Instrumentation Engineers (SPIE) Conference Series},
     year = 2012,
   series = {Society of Photo-Optical Instrumentation Engineers (SPIE) Conference Series},
   volume = 8452,
archivePrefix = "arXiv",
   eprint = {1210.4968},
 primaryClass = "astro-ph.IM",
    month = sep,
      eid = {845239},
      doi = {10.1117/12.927035},
   adsurl = {http://adsabs.harvard.edu/abs/2012SPIE.8452E..39S},
  adsnote = {Provided by the SAO/NASA Astrophysics Data System}
}

@INPROCEEDINGS{2012SPIE.8452E..3AH,
   author = {{Henning}, J.~W. and {Ade}, P. and {Aird}, K.~A. and {Austermann}, J.~E. and 
	{Beall}, J.~A. and {Becker}, D. and {Benson}, B.~A. and {Bleem}, L.~E. and 
	{Britton}, J. and {Carlstrom}, J.~E. and {Chang}, C.~L. and 
	{Cho}, H.-M. and {Crawford}, T.~M. and {Crites}, A.~T. and {Datesman}, A. and 
	{de Haan}, T. and {Dobbs}, M.~A. and {Everett}, W. and {Ewall-Wice}, A. and 
	{George}, E.~M. and {Halverson}, N.~W. and {Harrington}, N. and 
	{Hilton}, G.~C. and {Holzapfel}, W.~L. and {Hubmayr}, J. and 
	{Irwin}, K.~D. and {Karfunkle}, M. and {Keisler}, R. and {Kennedy}, J. and 
	{Lee}, A.~T. and {Leitch}, E. and {Li}, D. and {Lueker}, M. and 
	{Marrone}, D.~P. and {McMahon}, J.~J. and {Mehl}, J. and {Meyer}, S.~S. and 
	{Montgomery}, J. and {Montroy}, T.~E. and {Nagy}, J. and {Natoli}, T. and 
	{Nibarger}, J.~P. and {Niemack}, M.~D. and {Novosad}, V. and 
	{Padin}, S. and {Pryke}, C. and {Reichardt}, C.~L. and {Ruhl}, J.~E. and 
	{Saliwanchik}, B.~R. and {Sayre}, J.~T. and {Schaffer}, K.~K. and 
	{Shirokoff}, E. and {Story}, K. and {Tucker}, C. and {Vanderlinde}, K. and 
	{Vieira}, J.~D. and {Wang}, G. and {Williamson}, R. and {Yefremenko}, V. and 
	{Yoon}, K.~W. and {Young}, E.},
    title = "{Feedhorn-coupled TES polarimeter camera modules at 150 GHz for CMB polarization measurements with SPTpol}",
booktitle = {Society of Photo-Optical Instrumentation Engineers (SPIE) Conference Series},
     year = 2012,
   series = {Society of Photo-Optical Instrumentation Engineers (SPIE) Conference Series},
   volume = 8452,
archivePrefix = "arXiv",
   eprint = {1210.4969},
 primaryClass = "astro-ph.IM",
    month = sep,
      eid = {84523A},
      doi = {10.1117/12.927172},
   adsurl = {http://adsabs.harvard.edu/abs/2012SPIE.8452E..3AH},
  adsnote = {Provided by the SAO/NASA Astrophysics Data System}
}

@INPROCEEDINGS{2012SPIE.8452E..1EA,
   author = {{Austermann}, J.~E. and {Aird}, K.~A. and {Beall}, J.~A. and 
	{Becker}, D. and {Bender}, A. and {Benson}, B.~A. and {Bleem}, L.~E. and 
	{Britton}, J. and {Carlstrom}, J.~E. and {Chang}, C.~L. and 
	{Chiang}, H.~C. and {Cho}, H.-M. and {Crawford}, T.~M. and {Crites}, A.~T. and 
	{Datesman}, A. and {de Haan}, T. and {Dobbs}, M.~A. and {George}, E.~M. and 
	{Halverson}, N.~W. and {Harrington}, N. and {Henning}, J.~W. and 
	{Hilton}, G.~C. and {Holder}, G.~P. and {Holzapfel}, W.~L. and 
	{Hoover}, S. and {Huang}, N. and {Hubmayr}, J. and {Irwin}, K.~D. and 
	{Keisler}, R. and {Kennedy}, J. and {Knox}, L. and {Lee}, A.~T. and 
	{Leitch}, E. and {Li}, D. and {Lueker}, M. and {Marrone}, D.~P. and 
	{McMahon}, J.~J. and {Mehl}, J. and {Meyer}, S.~S. and {Montroy}, T.~E. and 
	{Natoli}, T. and {Nibarger}, J.~P. and {Niemack}, M.~D. and 
	{Novosad}, V. and {Padin}, S. and {Pryke}, C. and {Reichardt}, C.~L. and 
	{Ruhl}, J.~E. and {Saliwanchik}, B.~R. and {Sayre}, J.~T. and 
	{Schaffer}, K.~K. and {Shirokoff}, E. and {Stark}, A.~A. and 
	{Story}, K. and {Vanderlinde}, K. and {Vieira}, J.~D. and {Wang}, G. and 
	{Williamson}, R. and {Yefremenko}, V. and {Yoon}, K.~W. and 
	{Zahn}, O.},
    title = "{SPTpol: an instrument for CMB polarization measurements with the South Pole Telescope}",
booktitle = {Society of Photo-Optical Instrumentation Engineers (SPIE) Conference Series},
     year = 2012,
   series = {Society of Photo-Optical Instrumentation Engineers (SPIE) Conference Series},
   volume = 8452,
archivePrefix = "arXiv",
   eprint = {1210.4970},
 primaryClass = "astro-ph.IM",
    month = sep,
      eid = {84521E},
      doi = {10.1117/12.927286},
   adsurl = {http://adsabs.harvard.edu/abs/2012SPIE.8452E..1EA},
  adsnote = {Provided by the SAO/NASA Astrophysics Data System}
}
@INPROCEEDINGS{2012SPIE.8452E..1FG,
   author = {{George}, E.~M. and {Ade}, P. and {Aird}, K.~A. and {Austermann}, J.~E. and 
	{Beall}, J.~A. and {Becker}, D. and {Bender}, A. and {Benson}, B.~A. and 
	{Bleem}, L.~E. and {Britton}, J. and {Carlstrom}, J.~E. and 
	{Chang}, C.~L. and {Chiang}, H.~C. and {Cho}, H.-M. and {Crawford}, T.~M. and 
	{Crites}, A.~T. and {Datesman}, A. and {de Haan}, T. and {Dobbs}, M.~A. and 
	{Everett}, W. and {Ewall-Wice}, A. and {Halverson}, N.~W. and 
	{Harrington}, N. and {Henning}, J.~W. and {Hilton}, G.~C. and 
	{Holzapfel}, W.~L. and {Hoover}, S. and {Huang}, N. and {Hubmayr}, J. and 
	{Irwin}, K.~D. and {Karfunkle}, M. and {Keisler}, R. and {Kennedy}, J. and 
	{Lee}, A.~T. and {Leitch}, E. and {Li}, D. and {Lueker}, M. and 
	{Marrone}, D.~P. and {McMahon}, J.~J. and {Mehl}, J. and {Meyer}, S.~S. and 
	{Montgomery}, J. and {Montroy}, T.~E. and {Nagy}, J. and {Natoli}, T. and 
	{Nibarger}, J.~P. and {Niemack}, M.~D. and {Novosad}, V. and 
	{Padin}, S. and {Pryke}, C. and {Reichardt}, C.~L. and {Ruhl}, J.~E. and 
	{Saliwanchik}, B.~R. and {Sayre}, J.~T. and {Schaffer}, K.~K. and 
	{Shirokoff}, E. and {Story}, K. and {Tucker}, C. and {Vanderlinde}, K. and 
	{Vieira}, J.~D. and {Wang}, G. and {Williamson}, R. and {Yefremenko}, V. and 
	{Yoon}, K.~W. and {Young}, E.},
    title = "{Performance and on-sky optical characterization of the SPTpol instrument}",
booktitle = {Society of Photo-Optical Instrumentation Engineers (SPIE) Conference Series},
     year = 2012,
   series = {Society of Photo-Optical Instrumentation Engineers (SPIE) Conference Series},
   volume = 8452,
archivePrefix = "arXiv",
   eprint = {1210.4971},
 primaryClass = "astro-ph.IM",
    month = sep,
      eid = {84521F},
      doi = {10.1117/12.925586},
   adsurl = {http://adsabs.harvard.edu/abs/2012SPIE.8452E..1FG},
  adsnote = {Provided by the SAO/NASA Astrophysics Data System}
}

@ARTICLE{2013ApJ...779...86S,
   author = {{Story}, K.~T. and {Reichardt}, C.~L. and {Hou}, Z. and {Keisler}, R. and 
	{Aird}, K.~A. and {Benson}, B.~A. and {Bleem}, L.~E. and {Carlstrom}, J.~E. and 
	{Chang}, C.~L. and {Cho}, H.-M. and {Crawford}, T.~M. and {Crites}, A.~T. and 
	{de Haan}, T. and {Dobbs}, M.~A. and {Dudley}, J. and {Follin}, B. and 
	{George}, E.~M. and {Halverson}, N.~W. and {Holder}, G.~P. and 
	{Holzapfel}, W.~L. and {Hoover}, S. and {Hrubes}, J.~D. and 
	{Joy}, M. and {Knox}, L. and {Lee}, A.~T. and {Leitch}, E.~M. and 
	{Lueker}, M. and {Luong-Van}, D. and {McMahon}, J.~J. and {Mehl}, J. and 
	{Meyer}, S.~S. and {Millea}, M. and {Mohr}, J.~J. and {Montroy}, T.~E. and 
	{Padin}, S. and {Plagge}, T. and {Pryke}, C. and {Ruhl}, J.~E. and 
	{Sayre}, J.~T. and {Schaffer}, K.~K. and {Shaw}, L. and {Shirokoff}, E. and 
	{Spieler}, H.~G. and {Staniszewski}, Z. and {Stark}, A.~A. and 
	{van Engelen}, A. and {Vanderlinde}, K. and {Vieira}, J.~D. and 
	{Williamson}, R. and {Zahn}, O.},
    title = "{A Measurement of the Cosmic Microwave Background Damping Tail from the 2500-Square-Degree SPT-SZ Survey}",
  journal = {\apj},
archivePrefix = "arXiv",
   eprint = {1210.7231},
 primaryClass = "astro-ph.CO",
 keywords = {cosmic background radiation, cosmology: observations, large-scale structure of universe },
     year = 2013,
    month = dec,
   volume = 779,
      eid = {86},
    pages = {86},
      doi = {10.1088/0004-637X/779/1/86},
   adsurl = {http://adsabs.harvard.edu/abs/2013ApJ...779...86S},
  adsnote = {Provided by the SAO/NASA Astrophysics Data System}
}

@ARTICLE{2014ApJ...782...74H,
   author = {{Hou}, Z. and {Reichardt}, C.~L. and {Story}, K.~T. and {Follin}, B. and 
	{Keisler}, R. and {Aird}, K.~A. and {Benson}, B.~A. and {Bleem}, L.~E. and 
	{Carlstrom}, J.~E. and {Chang}, C.~L. and {Cho}, H.-M. and {Crawford}, T.~M. and 
	{Crites}, A.~T. and {de Haan}, T. and {de Putter}, R. and {Dobbs}, M.~A. and 
	{Dodelson}, S. and {Dudley}, J. and {George}, E.~M. and {Halverson}, N.~W. and 
	{Holder}, G.~P. and {Holzapfel}, W.~L. and {Hoover}, S. and 
	{Hrubes}, J.~D. and {Joy}, M. and {Knox}, L. and {Lee}, A.~T. and 
	{Leitch}, E.~M. and {Lueker}, M. and {Luong-Van}, D. and {McMahon}, J.~J. and 
	{Mehl}, J. and {Meyer}, S.~S. and {Millea}, M. and {Mohr}, J.~J. and 
	{Montroy}, T.~E. and {Padin}, S. and {Plagge}, T. and {Pryke}, C. and 
	{Ruhl}, J.~E. and {Sayre}, J.~T. and {Schaffer}, K.~K. and {Shaw}, L. and 
	{Shirokoff}, E. and {Spieler}, H.~G. and {Staniszewski}, Z. and 
	{Stark}, A.~A. and {van Engelen}, A. and {Vanderlinde}, K. and 
	{Vieira}, J.~D. and {Williamson}, R. and {Zahn}, O.},
    title = "{Constraints on Cosmology from the Cosmic Microwave Background Power Spectrum of the 2500 deg$^{2}$ SPT-SZ Survey}",
  journal = {\apj},
archivePrefix = "arXiv",
   eprint = {1212.6267},
 primaryClass = "astro-ph.CO",
 keywords = {cosmic background radiation, cosmological parameters, early universe, inflation},
     year = 2014,
    month = feb,
   volume = 782,
      eid = {74},
    pages = {74},
      doi = {10.1088/0004-637X/782/2/74},
   adsurl = {http://adsabs.harvard.edu/abs/2014ApJ...782...74H},
  adsnote = {Provided by the SAO/NASA Astrophysics Data System}
}
@ARTICLE{2013ApJ...767..132H,
   author = {{Hezaveh}, Y.~D. and {Marrone}, D.~P. and {Fassnacht}, C.~D. and 
	{Spilker}, J.~S. and {Vieira}, J.~D. and {Aguirre}, J.~E. and 
	{Aird}, K.~A. and {Aravena}, M. and {Ashby}, M.~L.~N. and {Bayliss}, M. and 
	{Benson}, B.~A. and {Bleem}, L.~E. and {Bothwell}, M. and {Brodwin}, M. and 
	{Carlstrom}, J.~E. and {Chang}, C.~L. and {Chapman}, S.~C. and 
	{Crawford}, T.~M. and {Crites}, A.~T. and {De Breuck}, C. and 
	{de Haan}, T. and {Dobbs}, M.~A. and {Fomalont}, E.~B. and {George}, E.~M. and 
	{Gladders}, M.~D. and {Gonzalez}, A.~H. and {Greve}, T.~R. and 
	{Halverson}, N.~W. and {High}, F.~W. and {Holder}, G.~P. and 
	{Holzapfel}, W.~L. and {Hoover}, S. and {Hrubes}, J.~D. and 
	{Husband}, K. and {Hunter}, T.~R. and {Keisler}, R. and {Lee}, A.~T. and 
	{Leitch}, E.~M. and {Lueker}, M. and {Luong-Van}, D. and {Malkan}, M. and 
	{McIntyre}, V. and {McMahon}, J.~J. and {Mehl}, J. and {Menten}, K.~M. and 
	{Meyer}, S.~S. and {Mocanu}, L.~M. and {Murphy}, E.~J. and {Natoli}, T. and 
	{Padin}, S. and {Plagge}, T. and {Reichardt}, C.~L. and {Rest}, A. and 
	{Ruel}, J. and {Ruhl}, J.~E. and {Sharon}, K. and {Schaffer}, K.~K. and 
	{Shaw}, L. and {Shirokoff}, E. and {Stalder}, B. and {Staniszewski}, Z. and 
	{Stark}, A.~A. and {Story}, K. and {Vanderlinde}, K. and {Wei{\ss}}, A. and 
	{Welikala}, N. and {Williamson}, R.},
    title = "{ALMA Observations of SPT-discovered, Strongly Lensed, Dusty, Star-forming Galaxies}",
  journal = {\apj},
archivePrefix = "arXiv",
   eprint = {1303.2722},
 primaryClass = "astro-ph.CO",
 keywords = {galaxies: high-redshift, galaxies: starburst, gravitational lensing: strong, techniques: interferometric},
     year = 2013,
    month = apr,
   volume = 767,
      eid = {132},
    pages = {132},
      doi = {10.1088/0004-637X/767/2/132},
   adsurl = {http://adsabs.harvard.edu/abs/2013ApJ...767..132H},
  adsnote = {Provided by the SAO/NASA Astrophysics Data System}
}

@ARTICLE{2013Natur.495..344V,
   author = {{Vieira}, J.~D. and {Marrone}, D.~P. and {Chapman}, S.~C. and 
	{De Breuck}, C. and {Hezaveh}, Y.~D. and {Wei{$\beta$}}, A. and 
	{Aguirre}, J.~E. and {Aird}, K.~A. and {Aravena}, M. and {Ashby}, M.~L.~N. and 
	{Bayliss}, M. and {Benson}, B.~A. and {Biggs}, A.~D. and {Bleem}, L.~E. and 
	{Bock}, J.~J. and {Bothwell}, M. and {Bradford}, C.~M. and {Brodwin}, M. and 
	{Carlstrom}, J.~E. and {Chang}, C.~L. and {Crawford}, T.~M. and 
	{Crites}, A.~T. and {de Haan}, T. and {Dobbs}, M.~A. and {Fomalont}, E.~B. and 
	{Fassnacht}, C.~D. and {George}, E.~M. and {Gladders}, M.~D. and 
	{Gonzalez}, A.~H. and {Greve}, T.~R. and {Gullberg}, B. and 
	{Halverson}, N.~W. and {High}, F.~W. and {Holder}, G.~P. and 
	{Holzapfel}, W.~L. and {Hoover}, S. and {Hrubes}, J.~D. and 
	{Hunter}, T.~R. and {Keisler}, R. and {Lee}, A.~T. and {Leitch}, E.~M. and 
	{Lueker}, M. and {Luong-van}, D. and {Malkan}, M. and {McIntyre}, V. and 
	{McMahon}, J.~J. and {Mehl}, J. and {Menten}, K.~M. and {Meyer}, S.~S. and 
	{Mocanu}, L.~M. and {Murphy}, E.~J. and {Natoli}, T. and {Padin}, S. and 
	{Plagge}, T. and {Reichardt}, C.~L. and {Rest}, A. and {Ruel}, J. and 
	{Ruhl}, J.~E. and {Sharon}, K. and {Schaffer}, K.~K. and {Shaw}, L. and 
	{Shirokoff}, E. and {Spilker}, J.~S. and {Stalder}, B. and {Staniszewski}, Z. and 
	{Stark}, A.~A. and {Story}, K. and {Vanderlinde}, K. and {Welikala}, N. and 
	{Williamson}, R.},
    title = "{Dusty starburst galaxies in the early Universe as revealed by gravitational lensing}",
  journal = {\nat},
archivePrefix = "arXiv",
   eprint = {1303.2723},
 primaryClass = "astro-ph.CO",
     year = 2013,
    month = mar,
   volume = 495,
    pages = {344-347},
      doi = {10.1038/nature12001},
   adsurl = {http://adsabs.harvard.edu/abs/2013Natur.495..344V},
  adsnote = {Provided by the SAO/NASA Astrophysics Data System}
}
@ARTICLE{2013ApJ...767...88W,
   author = {{Wei{\ss}}, A. and {De Breuck}, C. and {Marrone}, D.~P. and 
	{Vieira}, J.~D. and {Aguirre}, J.~E. and {Aird}, K.~A. and {Aravena}, M. and 
	{Ashby}, M.~L.~N. and {Bayliss}, M. and {Benson}, B.~A. and 
	{B{\'e}thermin}, M. and {Biggs}, A.~D. and {Bleem}, L.~E. and 
	{Bock}, J.~J. and {Bothwell}, M. and {Bradford}, C.~M. and {Brodwin}, M. and 
	{Carlstrom}, J.~E. and {Chang}, C.~L. and {Chapman}, S.~C. and 
	{Crawford}, T.~M. and {Crites}, A.~T. and {de Haan}, T. and 
	{Dobbs}, M.~A. and {Downes}, T.~P. and {Fassnacht}, C.~D. and 
	{George}, E.~M. and {Gladders}, M.~D. and {Gonzalez}, A.~H. and 
	{Greve}, T.~R. and {Halverson}, N.~W. and {Hezaveh}, Y.~D. and 
	{High}, F.~W. and {Holder}, G.~P. and {Holzapfel}, W.~L. and 
	{Hoover}, S. and {Hrubes}, J.~D. and {Husband}, K. and {Keisler}, R. and 
	{Lee}, A.~T. and {Leitch}, E.~M. and {Lueker}, M. and {Luong-Van}, D. and 
	{Malkan}, M. and {McIntyre}, V. and {McMahon}, J.~J. and {Mehl}, J. and 
	{Menten}, K.~M. and {Meyer}, S.~S. and {Murphy}, E.~J. and {Padin}, S. and 
	{Plagge}, T. and {Reichardt}, C.~L. and {Rest}, A. and {Rosenman}, M. and 
	{Ruel}, J. and {Ruhl}, J.~E. and {Schaffer}, K.~K. and {Shirokoff}, E. and 
	{Spilker}, J.~S. and {Stalder}, B. and {Staniszewski}, Z. and 
	{Stark}, A.~A. and {Story}, K. and {Vanderlinde}, K. and {Welikala}, N. and 
	{Williamson}, R.},
    title = "{ALMA Redshifts of Millimeter-selected Galaxies from the SPT Survey: The Redshift Distribution of Dusty Star-forming Galaxies}",
  journal = {\apj},
archivePrefix = "arXiv",
   eprint = {1303.2726},
 primaryClass = "astro-ph.CO",
 keywords = {cosmology: observations, early universe, galaxies: evolution, galaxies: high-redshift, ISM: molecules },
     year = 2013,
    month = apr,
   volume = 767,
      eid = {88},
    pages = {88},
      doi = {10.1088/0004-637X/767/1/88},
   adsurl = {http://adsabs.harvard.edu/abs/2013ApJ...767...88W},
  adsnote = {Provided by the SAO/NASA Astrophysics Data System}
}
@ARTICLE{2014ApJ...784..143C,
   author = {{Crawford}, T.~M. and {Schaffer}, K.~K. and {Bhattacharya}, S. and 
	{Aird}, K.~A. and {Benson}, B.~A. and {Bleem}, L.~E. and {Carlstrom}, J.~E. and 
	{Chang}, C.~L. and {Cho}, H.-M. and {Crites}, A.~T. and {de Haan}, T. and 
	{Dobbs}, M.~A. and {Dudley}, J. and {George}, E.~M. and {Halverson}, N.~W. and 
	{Holder}, G.~P. and {Holzapfel}, W.~L. and {Hoover}, S. and 
	{Hou}, Z. and {Hrubes}, J.~D. and {Keisler}, R. and {Knox}, L. and 
	{Lee}, A.~T. and {Leitch}, E.~M. and {Lueker}, M. and {Luong-Van}, D. and 
	{McMahon}, J.~J. and {Mehl}, J. and {Meyer}, S.~S. and {Millea}, M. and 
	{Mocanu}, L.~M. and {Mohr}, J.~J. and {Montroy}, T.~E. and {Padin}, S. and 
	{Plagge}, T. and {Pryke}, C. and {Reichardt}, C.~L. and {Ruhl}, J.~E. and 
	{Sayre}, J.~T. and {Shaw}, L. and {Shirokoff}, E. and {Spieler}, H.~G. and 
	{Staniszewski}, Z. and {Stark}, A.~A. and {Story}, K.~T. and 
	{van Engelen}, A. and {Vanderlinde}, K. and {Vieira}, J.~D. and 
	{Williamson}, R. and {Zahn}, O.},
    title = "{A Measurement of the Secondary-CMB and Millimeter-wave-foreground Bispectrum using 800 deg$^{2}$ of South Pole Telescope Data}",
  journal = {\apj},
archivePrefix = "arXiv",
   eprint = {1303.3535},
 keywords = {cosmic background radiation, cosmology: observations, methods: data analysis},
     year = 2014,
    month = apr,
   volume = 784,
      eid = {143},
    pages = {143},
      doi = {10.1088/0004-637X/784/2/143},
   adsurl = {http://adsabs.harvard.edu/abs/2014ApJ...784..143C},
  adsnote = {Provided by the SAO/NASA Astrophysics Data System}
}
@ARTICLE{2013ApJ...771L..16H,
   author = {{Holder}, G.~P. and {Viero}, M.~P. and {Zahn}, O. and {Aird}, K.~A. and 
	{Benson}, B.~A. and {Bhattacharya}, S. and {Bleem}, L.~E. and 
	{Bock}, J. and {Brodwin}, M. and {Carlstrom}, J.~E. and {Chang}, C.~L. and 
	{Cho}, H.-M. and {Conley}, A. and {Crawford}, T.~M. and {Crites}, A.~T. and 
	{de Haan}, T. and {Dobbs}, M.~A. and {Dudley}, J. and {George}, E.~M. and 
	{Halverson}, N.~W. and {Holzapfel}, W.~L. and {Hoover}, S. and 
	{Hou}, Z. and {Hrubes}, J.~D. and {Keisler}, R. and {Knox}, L. and 
	{Lee}, A.~T. and {Leitch}, E.~M. and {Lueker}, M. and {Luong-Van}, D. and 
	{Marsden}, G. and {Marrone}, D.~P. and {McMahon}, J.~J. and 
	{Mehl}, J. and {Meyer}, S.~S. and {Millea}, M. and {Mohr}, J.~J. and 
	{Montroy}, T.~E. and {Padin}, S. and {Plagge}, T. and {Pryke}, C. and 
	{Reichardt}, C.~L. and {Ruhl}, J.~E. and {Sayre}, J.~T. and 
	{Schaffer}, K.~K. and {Schulz}, B. and {Shaw}, L. and {Shirokoff}, E. and 
	{Spieler}, H.~G. and {Staniszewski}, Z. and {Stark}, A.~A. and 
	{Story}, K.~T. and {van Engelen}, A. and {Vanderlinde}, K. and 
	{Vieira}, J.~D. and {Williamson}, R. and {Zemcov}, M.},
    title = "{A Cosmic Microwave Background Lensing Mass Map and Its Correlation with the Cosmic Infrared Background}",
  journal = {\apjl},
archivePrefix = "arXiv",
   eprint = {1303.5048},
 primaryClass = "astro-ph.CO",
 keywords = {cosmic background radiation, galaxies: structure },
     year = 2013,
    month = jul,
   volume = 771,
      eid = {L16},
    pages = {L16},
      doi = {10.1088/2041-8205/771/1/L16},
   adsurl = {http://adsabs.harvard.edu/abs/2013ApJ...771L..16H},
  adsnote = {Provided by the SAO/NASA Astrophysics Data System}
}

@ARTICLE{2013ApJ...774...23M,
   author = {{McDonald}, M. and {Benson}, B.~A. and {Vikhlinin}, A. and {Stalder}, B. and 
	{Bleem}, L.~E. and {de Haan}, T. and {Lin}, H.~W. and {Aird}, K.~A. and 
	{Ashby}, M.~L.~N. and {Bautz}, M.~W. and {Bayliss}, M. and {Bocquet}, S. and 
	{Brodwin}, M. and {Carlstrom}, J.~E. and {Chang}, C.~L. and 
	{Cho}, H.~M. and {Clocchiatti}, A. and {Crawford}, T.~M. and 
	{Crites}, A.~T. and {Desai}, S. and {Dobbs}, M.~A. and {Dudley}, J.~P. and 
	{Foley}, R.~J. and {Forman}, W.~R. and {George}, E.~M. and {Gettings}, D. and 
	{Gladders}, M.~D. and {Gonzalez}, A.~H. and {Halverson}, N.~W. and 
	{High}, F.~W. and {Holder}, G.~P. and {Holzapfel}, W.~L. and 
	{Hoover}, S. and {Hrubes}, J.~D. and {Jones}, C. and {Joy}, M. and 
	{Keisler}, R. and {Knox}, L. and {Lee}, A.~T. and {Leitch}, E.~M. and 
	{Liu}, J. and {Lueker}, M. and {Luong-Van}, D. and {Mantz}, A. and 
	{Marrone}, D.~P. and {McMahon}, J.~J. and {Mehl}, J. and {Meyer}, S.~S. and 
	{Miller}, E.~D. and {Mocanu}, L. and {Mohr}, J.~J. and {Montroy}, T.~E. and 
	{Murray}, S.~S. and {Nurgaliev}, D. and {Padin}, S. and {Plagge}, T. and 
	{Pryke}, C. and {Reichardt}, C.~L. and {Rest}, A. and {Ruel}, J. and 
	{Ruhl}, J.~E. and {Saliwanchik}, B.~R. and {Saro}, A. and {Sayre}, J.~T. and 
	{Schaffer}, K.~K. and {Shirokoff}, E. and {Song}, J. and {{\v S}uhada}, R. and 
	{Spieler}, H.~G. and {Stanford}, S.~A. and {Staniszewski}, Z. and 
	{Stark}, A.~A. and {Story}, K. and {van Engelen}, A. and {Vanderlinde}, K. and 
	{Vieira}, J.~D. and {Williamson}, R. and {Zahn}, O. and {Zenteno}, A.
	},
    title = "{The Growth of Cool Cores and Evolution of Cooling Properties in a Sample of 83 Galaxy Clusters at 0.3 {\lt} z {\lt} 1.2 Selected from the SPT-SZ Survey}",
  journal = {\apj},
archivePrefix = "arXiv",
   eprint = {1305.2915},
 primaryClass = "astro-ph.CO",
 keywords = {early universe, galaxies: clusters: general, galaxies: clusters: intracluster medium, X-rays: galaxies: clusters},
     year = 2013,
    month = sep,
   volume = 774,
      eid = {23},
    pages = {23},
      doi = {10.1088/0004-637X/774/1/23},
   adsurl = {http://adsabs.harvard.edu/abs/2013ApJ...774...23M},
  adsnote = {Provided by the SAO/NASA Astrophysics Data System}
}
@ARTICLE{2013ApJ...779...61M,
   author = {{Mocanu}, L.~M. and {Crawford}, T.~M. and {Vieira}, J.~D. and 
	{Aird}, K.~A. and {Aravena}, M. and {Austermann}, J.~E. and 
	{Benson}, B.~A. and {B{\'e}thermin}, M. and {Bleem}, L.~E. and 
	{Bothwell}, M. and {Carlstrom}, J.~E. and {Chang}, C.~L. and 
	{Chapman}, S. and {Cho}, H.-M. and {Crites}, A.~T. and {de Haan}, T. and 
	{Dobbs}, M.~A. and {Everett}, W.~B. and {George}, E.~M. and 
	{Halverson}, N.~W. and {Harrington}, N. and {Hezaveh}, Y. and 
	{Holder}, G.~P. and {Holzapfel}, W.~L. and {Hoover}, S. and 
	{Hrubes}, J.~D. and {Keisler}, R. and {Knox}, L. and {Lee}, A.~T. and 
	{Leitch}, E.~M. and {Lueker}, M. and {Luong-Van}, D. and {Marrone}, D.~P. and 
	{McMahon}, J.~J. and {Mehl}, J. and {Meyer}, S.~S. and {Mohr}, J.~J. and 
	{Montroy}, T.~E. and {Natoli}, T. and {Padin}, S. and {Plagge}, T. and 
	{Pryke}, C. and {Rest}, A. and {Reichardt}, C.~L. and {Ruhl}, J.~E. and 
	{Sayre}, J.~T. and {Schaffer}, K.~K. and {Shirokoff}, E. and 
	{Spieler}, H.~G. and {Spilker}, J.~S. and {Stalder}, B. and 
	{Staniszewski}, Z. and {Stark}, A.~A. and {Story}, K.~T. and 
	{Switzer}, E.~R. and {Vanderlinde}, K. and {Williamson}, R.},
    title = "{Extragalactic Millimeter-wave Point-source Catalog, Number Counts and Statistics from 771 deg$^{2}$ of the SPT-SZ Survey}",
  journal = {\apj},
archivePrefix = "arXiv",
   eprint = {1306.3470},
 primaryClass = "astro-ph.CO",
 keywords = {galaxies: high-redshift, submillimeter: galaxies, surveys},
     year = 2013,
    month = dec,
   volume = 779,
      eid = {61},
    pages = {61},
      doi = {10.1088/0004-637X/779/1/61},
   adsurl = {http://adsabs.harvard.edu/abs/2013ApJ...779...61M},
  adsnote = {Provided by the SAO/NASA Astrophysics Data System}
}

@ARTICLE{2013ApJ...776L..41G,
   author = {{Geach}, J.~E. and {Hickox}, R.~C. and {Bleem}, L.~E. and {Brodwin}, M. and 
	{Holder}, G.~P. and {Aird}, K.~A. and {Benson}, B.~A. and {Bhattacharya}, S. and 
	{Carlstrom}, J.~E. and {Chang}, C.~L. and {Cho}, H.-M. and {Crawford}, T.~M. and 
	{Crites}, A.~T. and {de Haan}, T. and {Dobbs}, M.~A. and {Dudley}, J. and 
	{George}, E.~M. and {Hainline}, K.~N. and {Halverson}, N.~W. and 
	{Holzapfel}, W.~L. and {Hoover}, S. and {Hou}, Z. and {Hrubes}, J.~D. and 
	{Keisler}, R. and {Knox}, L. and {Lee}, A.~T. and {Leitch}, E.~M. and 
	{Lueker}, M. and {Luong-Van}, D. and {Marrone}, D.~P. and {McMahon}, J.~J. and 
	{Mehl}, J. and {Meyer}, S.~S. and {Millea}, M. and {Mohr}, J.~J. and 
	{Montroy}, T.~E. and {Myers}, A.~D. and {Padin}, S. and {Plagge}, T. and 
	{Pryke}, C. and {Reichardt}, C.~L. and {Ruhl}, J.~E. and {Sayre}, J.~T. and 
	{Schaffer}, K.~K. and {Shaw}, L. and {Shirokoff}, E. and {Spieler}, H.~G. and 
	{Staniszewski}, Z. and {Stark}, A.~A. and {Story}, K.~T. and 
	{van Engelen}, A. and {Vanderlinde}, K. and {Vieira}, J.~D. and 
	{Williamson}, R. and {Zahn}, O.},
    title = "{A Direct Measurement of the Linear Bias of Mid-infrared-selected Quasars at z {\ap} 1 Using Cosmic Microwave Background Lensing}",
  journal = {\apjl},
archivePrefix = "arXiv",
   eprint = {1307.1706},
 primaryClass = "astro-ph.CO",
 keywords = {cosmology: observations },
     year = 2013,
    month = oct,
   volume = 776,
      eid = {L41},
    pages = {L41},
      doi = {10.1088/2041-8205/776/2/L41},
   adsurl = {http://adsabs.harvard.edu/abs/2013ApJ...776L..41G},
  adsnote = {Provided by the SAO/NASA Astrophysics Data System}
}
@ARTICLE{2013arXiv1307.2903B,
   author = {{Bayliss}, M.~B. and {Ashby}, M.~L.~N. and {Ruel}, J. and {Brodwin}, M. and 
	{Aird}, K.~A. and {Bautz}, M.~W. and {Benson}, B.~A. and {Bleem}, L.~E. and 
	{Bocquet}, S. and {Carlstrom}, J.~E. and {Chang}, C.~L. and 
	{Cho}, H.~M. and {Clocchiatti}, A. and {Crawford}, T.~M. and 
	{Crites}, A.~T. and {Desai}, S. and {Dobbs}, M.~A. and {Dudley}, J.~P. and 
	{Foley}, R.~J. and {Forman}, W.~R. and {George}, E.~M. and {Gettings}, D. and 
	{Gladders}, M.~D. and {Gonzalez}, A.~H. and {de Haan}, T. and 
	{Halverson}, N.~W. and {High}, F.~W. and {Holder}, G.~P. and 
	{Holzapfel}, W.~L. and {Hoover}, S. and {Hrubes}, J.~D. and 
	{Jones}, C. and {Joy}, M. and {Keisler}, R. and {Knox}, L. and 
	{Lee}, A.~T. and {Leitch}, E.~M. and {Liu}, J. and {Lueker}, M. and 
	{Luong-Van}, D. and {Mantz}, A. and {Marrone}, D.~P. and {Mawatari}, K. and 
	{McDonald}, M. and {McMahon}, J.~J. and {Mehl}, J. and {Meyer}, S.~S. and 
	{Miller}, E.~D. and {Mocanu}, L. and {Mohr}, J.~J. and {Montroy}, T.~E. and 
	{Murray}, S.~S. and {Padin}, S. and {Plagge}, T. and {Pryke}, C. and 
	{Reichardt}, C.~L. and {Rest}, A. and {Ruhl}, J.~E. and {Saliwanchik}, B.~R. and 
	{Saro}, A. and {Sayre}, J.~T. and {Schaffer}, K.~K. and {Shirokoff}, E. and 
	{Song}, J. and {Stalder}, B. and {Suhada}, R. and {Spieler}, H.~G. and 
	{Stanford}, S.~A. and {Staniszewski}, Z. and {Stark}, A.~A. and 
	{Story}, K. and {Stubbs}, C.~W. and {van Engelen}, A. and {Vanderlinde}, K. and 
	{Vieira}, J.~D. and {Vikhlinin}, A. and {Williamson}, R. and 
	{Zahn}, O. and {Zenteno}, A.},
    title = "{SPT-CLJ2040-4451: An SZ-Selected Galaxy Cluster at z = 1.478 With Significant Ongoing Star Formation}",
  journal = {ArXiv e-prints},
archivePrefix = "arXiv",
   eprint = {1307.2903},
 keywords = {Astrophysics - Cosmology and Nongalactic Astrophysics},
     year = 2013,
    month = jul,
   adsurl = {http://adsabs.harvard.edu/abs/2013arXiv1307.2903B},
  adsnote = {Provided by the SAO/NASA Astrophysics Data System}
}

@ARTICLE{2013arXiv1311.4953R,
   author = {{Ruel}, J. and {Bazin}, G. and {Bayliss}, M. and {Brodwin}, M. and 
	{Foley}, R.~J. and {Stalder}, B. and {Aird}, K.~A. and {Armstrong}, R. and 
	{Ashby}, M.~L.~N. and {Bautz}, M. and {Benson}, B.~A. and {Bleem}, L.~E. and 
	{Bocquet}, S. and {Carlstrom}, J.~E. and {Chang}, C.~L. and 
	{Chapman}, S.~C. and {Cho}, H.~M. and {Clocchiatti}, A. and 
	{Crawford}, T.~M. and {Crites}, A.~T. and {de Haan}, T. and 
	{Desai}, S. and {Dobbs}, M.~A. and {Dudley}, J.~P. and {Forman}, W.~R. and 
	{George}, E.~M. and {Gladders}, M.~D. and {Gonzalez}, A.~H. and 
	{Halverson}, N.~W. and {Harrington}, N.~L. and {High}, F.~W. and 
	{Holder}, G.~P. and {Holzapfel}, W.~L. and {Hrubes}, J.~D. and 
	{Jones}, C. and {Joy}, M. and {Keisler}, R. and {Knox}, L. and 
	{Lee}, A.~T. and {Leitch}, E.~M. and {Liu}, J. and {Lueker}, M. and 
	{Luong-Van}, D. and {Mantz}, A. and {Marrone}, D.~P. and {McDonald}, M. and 
	{McMahon}, J.~J. and {Mehl}, J. and {Meyer}, S.~S. and {Mocanu}, L. and 
	{Mohr}, J.~J. and {Montroy}, T.~E. and {Murray}, S.~S. and {Natoli}, T. and 
	{Nurgaliev}, D. and {Padin}, S. and {Plagge}, T. and {Pryke}, C. and 
	{Reichardt}, C.~L. and {Rest}, A. and {Ruhl}, J.~E. and {Saliwanchik}, B.~R. and 
	{Saro}, A. and {Sayre}, J.~T. and {Schaffer}, K.~K. and {Shaw}, L. and 
	{Shirokoff}, E. and {Song}, J. and {{\v S}uhada}, R. and {Spieler}, H.~G. and 
	{Stanford}, S.~A. and {Staniszewski}, Z. and {Stark}, A.~A. and 
	{Story}, K. and {Stubbs}, C.~W. and {van Engelen}, A. and {Vanderlinde}, K. and 
	{Vieira}, J.~D. and {Vikhlinin}, A. and {Williamson}, R. and 
	{Zahn}, O. and {Zenteno}, A.},
    title = "{Optical Spectroscopy and Velocity Dispersions of Galaxy Clusters from the SPT-SZ Survey}",
  journal = {ArXiv e-prints},
archivePrefix = "arXiv",
   eprint = {1311.4953},
 keywords = {Astrophysics - Cosmology and Nongalactic Astrophysics},
     year = 2013,
    month = nov,
   adsurl = {http://adsabs.harvard.edu/abs/2013arXiv1311.4953R},
  adsnote = {Provided by the SAO/NASA Astrophysics Data System}
}
@ARTICLE{2014MNRAS.440.2610S,
   author = {{Saro}, A. and {Liu}, J. and {Mohr}, J.~J. and {Aird}, K.~A. and 
	{Ashby}, M.~L.~N. and {Bayliss}, M. and {Benson}, B.~A. and 
	{Bleem}, L.~E. and {Bocquet}, S. and {Brodwin}, M. and {Carlstrom}, J.~E. and 
	{Chang}, C.~L. and {Chiu}, I. and {Cho}, H.~M. and {Clocchiatti}, A. and 
	{Crawford}, T.~M. and {Crites}, A.~T. and {de Haan}, T. and 
	{Desai}, S. and {Dietrich}, J.~P. and {Dobbs}, M.~A. and {Dolag}, K. and 
	{Dudley}, J.~P. and {Foley}, R.~J. and {Gangkofner}, D. and 
	{George}, E.~M. and {Gladders}, M.~D. and {Gonzalez}, A.~H. and 
	{Halverson}, N.~W. and {Hennig}, C. and {Hlavacek-Larrondo}, J. and 
	{Holzapfel}, W.~L. and {Hrubes}, J.~D. and {Jones}, C. and {Keisler}, R. and 
	{Lee}, A.~T. and {Leitch}, E.~M. and {Lueker}, M. and {Luong-Van}, D. and 
	{Mantz}, A. and {Marrone}, D.~P. and {McDonald}, M. and {McMahon}, J.~J. and 
	{Mehl}, J. and {Meyer}, S.~S. and {Mocanu}, L. and {Montroy}, T.~E. and 
	{Murray}, S.~S. and {Nurgaliev}, D. and {Padin}, S. and {Patej}, A. and 
	{Pryke}, C. and {Reichardt}, C.~L. and {Rest}, A. and {Ruel}, J. and 
	{Ruhl}, J.~E. and {Saliwanchik}, B.~R. and {Sayre}, J.~T. and 
	{Schaffer}, K.~K. and {Shirokoff}, E. and {Spieler}, H.~G. and 
	{Stalder}, B. and {Staniszewski}, Z. and {Stark}, A.~A. and 
	{Story}, K. and {van Engelen}, A. and {Vanderlinde}, K. and 
	{Vieira}, J.~D. and {Vikhlinin}, A. and {Williamson}, R. and 
	{Zahn}, O. and {Zenteno}, A.},
    title = "{Constraints on the CMB temperature evolution using multiband measurements of the Sunyaev-Zel'dovich effect with the South Pole Telescope}",
  journal = {\mnras},
archivePrefix = "arXiv",
   eprint = {1312.2462},
 primaryClass = "astro-ph.CO",
 keywords = {galaxies: clusters: general, cosmic background radiation, cosmology: observations, cosmology: theory, submillimetre: general},
     year = 2014,
    month = may,
   volume = 440,
    pages = {2610-2615},
      doi = {10.1093/mnras/stu575},
   adsurl = {http://adsabs.harvard.edu/abs/2014MNRAS.440.2610S},
  adsnote = {Provided by the SAO/NASA Astrophysics Data System}
}
@ARTICLE{2013arXiv1312.3015S,
   author = {{Saliwanchik}, B.~R. and {Montroy}, T.~E. and {Aird}, K.~A. and 
	{Bayliss}, M. and {Benson}, B.~A. and {Bleem}, L.~E. and {Bocquet}, S. and 
	{Brodwin}, M. and {Carlstrom}, J.~E. and {Chang}, C.~L. and 
	{Cho}, H.~M. and {Clocchiatti}, A. and {Crawford}, T.~M. and 
	{Crites}, A.~T. and {de Haan}, T. and {Desai}, S. and {Dobbs}, M.~A. and 
	{Dudley}, J.~P. and {Foley}, R.~J. and {Forman}, W.~R. and {George}, E.~M. and 
	{Gladders}, M.~D. and {Gonzalez}, A.~H. and {Halverson}, N.~W. and 
	{Hlavacek-Larrondo}, J. and {Holder}, G.~P. and {Holzapfel}, W.~L. and 
	{Hrubes}, J.~D. and {Jones}, C. and {Keisler}, R. and {Knox}, L. and 
	{Lee}, A.~T. and {Leitch}, E.~M. and {Liu}, J. and {Lueker}, M. and 
	{Luong-Van}, D. and {Mantz}, A. and {Marrone}, D.~P. and {McDonald}, M. and 
	{McMahon}, J.~J. and {Mehl}, J. and {Meyer}, S.~S. and {Mocanu}, L. and 
	{Mohr}, J.~J. and {Murray}, S.~S. and {Nurgaliev}, D. and {Padin}, S. and 
	{Patej}, A. and {Pryke}, C. and {Reichardt}, C.~L. and {Rest}, A. and 
	{Ruel}, J. and {Ruhl}, J.~E. and {Saro}, A. and {Sayre}, J.~T. and 
	{Schaffer}, K.~K. and {Shirokoff}, E. and {Spieler}, H.~G. and 
	{Stalder}, B. and {Stanford}, S.~A. and {Staniszewski}, Z. and 
	{Stark}, A.~A. and {Story}, K. and {Stubbs}, C.~W. and {Vanderlinde}, K. and 
	{Vieira}, J.~D. and {Vikhlinin}, A. and {Williamson}, R. and 
	{Zahn}, O. and {Zenteno}, A.},
    title = "{Measurement of Galaxy Cluster Integrated Comptonization and Mass Scaling Relations with the South Pole Telescope}",
  journal = {ArXiv e-prints},
archivePrefix = "arXiv",
   eprint = {1312.3015},
 primaryClass = "astro-ph.CO",
 keywords = {Astrophysics - Cosmology and Extragalactic Astrophysics},
     year = 2013,
    month = dec,
   adsurl = {http://adsabs.harvard.edu/abs/2013arXiv1312.3015S},
  adsnote = {Provided by the SAO/NASA Astrophysics Data System}
}
@ARTICLE{2014arXiv1404.6250M,
   author = {{McDonald}, M. and {Benson}, B.~A. and {Vikhlinin}, A. and {Aird}, K.~A. and 
	{Allen}, S.~W. and {Bautz}, M. and {Bayliss}, M. and {Bleem}, L.~E. and 
	{Bocquet}, S. and {Brodwin}, M. and {Carlstrom}, J.~E. and {Chang}, C.~L. and 
	{Cho}, H.~M. and {Clocchiatti}, A. and {Crawford}, T.~M. and 
	{Crites}, A.~T. and {de Haan}, T. and {Dobbs}, M.~A. and {Foley}, R.~J. and 
	{Forman}, W.~R. and {George}, E.~M. and {Gladders}, M.~D. and 
	{Gonzalez}, A.~H. and {Halverson}, N.~W. and {Hlavacek-Larrondo}, J. and 
	{Holder}, G.~P. and {Holzapfel}, W.~L. and {Hrubes}, J.~D. and 
	{Jones}, C. and {Keisler}, R. and {Knox}, L. and {Lee}, A.~T. and 
	{Leitch}, E.~M. and {Liu}, J. and {Lueker}, M. and {Luong-Van}, D. and 
	{Mantz}, A. and {Marrone}, D.~P. and {McMahon}, J.~J. and {Meyer}, S.~S. and 
	{Miller}, E.~D. and {Mocanu}, L. and {Mohr}, J.~J. and {Murray}, S.~S. and 
	{Padin}, S. and {Pryke}, C. and {Reichardt}, C.~L. and {Rest}, A. and 
	{Ruhl}, J.~E. and {Saliwanchik}, B.~R. and {Saro}, A. and {Sayre}, J.~T. and 
	{Schaffer}, K.~K. and {Shirokoff}, E. and {Spieler}, H.~G. and 
	{Stalder}, B. and {Stanford}, S.~A. and {Staniszewski}, Z. and 
	{Stark}, A.~A. and {Story}, K.~T. and {Stubbs}, C.~W. and {Vanderlinde}, K. and 
	{Vieira}, J.~D. and {Williamson}, R. and {Zahn}, O. and {Zenteno}, A.
	},
    title = "{The Redshift Evolution of the Mean Temperature, Pressure, and Entropy Profiles in 80 SPT-Selected Galaxy Clusters}",
  journal = {ArXiv e-prints},
archivePrefix = "arXiv",
   eprint = {1404.6250},
 primaryClass = "astro-ph.HE",
 keywords = {Astrophysics - High Energy Astrophysical Phenomena, Astrophysics - Cosmology and Nongalactic Astrophysics},
     year = 2014,
    month = apr,
   adsurl = {http://adsabs.harvard.edu/abs/2014arXiv1404.6250M},
  adsnote = {Provided by the SAO/NASA Astrophysics Data System}
}

@ARTICLE{2014arXiv1407.2942B,
   author = {{Bocquet}, S. and {Saro}, A. and {Mohr}, J.~J. and {Aird}, K.~A. and 
	{Ashby}, M.~L.~N. and {Bautz}, M. and {Bayliss}, M. and {Bazin}, G. and 
	{Benson}, B.~A. and {Bleem}, L.~E. and {Brodwin}, M. and {Carlstrom}, J.~E. and 
	{Chang}, C.~L. and {Chiu}, I. and {Cho}, H.~M. and {Clocchiatti}, A. and 
	{Crawford}, T.~M. and {Crites}, A.~T. and {Desai}, S. and {de Haan}, T. and 
	{Dietrich}, J.~P. and {Dobbs}, M.~A. and {Foley}, R.~J. and 
	{Forman}, W.~R. and {Gangkofner}, D. and {George}, E.~M. and 
	{Gladders}, M.~D. and {Gonzalez}, A.~H. and {Halverson}, N.~W. and 
	{Hennig}, C. and {Hlavacek-Larrondo}, J. and {Holder}, G.~P. and 
	{Holzapfel}, W.~L. and {Hrubes}, J.~D. and {Jones}, C. and {Keisler}, R. and 
	{Knox}, L. and {Lee}, A.~T. and {Leitch}, E.~M. and {Liu}, J. and 
	{Lueker}, M. and {Luong-Van}, D. and {Marrone}, D.~P. and {McDonald}, M. and 
	{McMahon}, J.~J. and {Meyer}, S.~S. and {Mocanu}, L. and {Murray}, S.~S. and 
	{Padin}, S. and {Pryke}, C. and {Reichardt}, C.~L. and {Rest}, A. and 
	{Ruel}, J. and {Ruhl}, J.~E. and {Saliwanchik}, B.~R. and {Sayre}, J.~T. and 
	{Schaffer}, K.~K. and {Shirokoff}, E. and {Spieler}, H.~G. and 
	{Stalder}, B. and {Stanford}, S.~A. and {Staniszewski}, Z. and 
	{Stark}, A.~A. and {Story}, K. and {Stubbs}, C.~W. and {Vanderlinde}, K. and 
	{Vieira}, J.~D. and {Vikhlinin}, A. and {Williamson}, R. and 
	{Zahn}, O. and {Zenteno}, A.},
    title = "{Mass Calibration and Cosmological Analysis of the SPT-SZ Galaxy Cluster Sample Using Velocity Dispersion \$$\backslash$sigma\_v\$ and X-ray \$Y\_$\backslash$textrm$\{$X$\}$\$ Measurements}",
  journal = {ArXiv e-prints},
archivePrefix = "arXiv",
   eprint = {1407.2942},
 keywords = {Astrophysics - Cosmology and Nongalactic Astrophysics},
     year = 2014,
    month = jul,
   adsurl = {http://adsabs.harvard.edu/abs/2014arXiv1407.2942B},
  adsnote = {Provided by the SAO/NASA Astrophysics Data System}
}
@ARTICLE{2014arXiv1407.7520L,
   author = {{Liu}, J. and {Mohr}, J. and {Saro}, A. and {Aird}, K.~A. and 
	{Ashby}, M.~L.~N. and {Bautz}, M. and {Bayliss}, M. and {Benson}, B.~A. and 
	{Bleem}, L.~E. and {Bocquet}, S. and {Brodwin}, M. and {Carlstrom}, J.~E. and 
	{Chang}, C.~L. and {Chiu}, I. and {Cho}, H.~M. and {Clocchiatti}, A. and 
	{Crawford}, T.~M. and {Crites}, A.~T. and {de Haan}, T. and 
	{Desai}, S. and {Dietrich}, J.~P. and {Dobbs}, M.~A. and {Foley}, R.~J. and 
	{Gangkofner}, D. and {George}, E.~M. and {Gladders}, M.~D. and 
	{Gonzalez}, A.~H. and {Halverson}, N.~W. and {Hennig}, C. and 
	{Hlavacek-Larrondo}, J. and {Holder}, G.~P. and {Holzapfel}, W.~L. and 
	{Hrubes}, J.~D. and {Jones}, C. and {Keisler}, R. and {Lee}, A.~T. and 
	{Leitch}, E.~M. and {Lueker}, M. and {Luong-Van}, D. and {McDonald}, M. and 
	{McMahon}, J.~J. and {Meyer}, S.~S. and {Mocanu}, L. and {Murray}, S.~S. and 
	{Padin}, S. and {Pryke}, C. and {Reichardt}, C.~L. and {Rest}, A. and 
	{Ruel}, J. and {Ruhl}, J.~E. and {Saliwanchik}, B.~R. and {Sayre}, J.~T. and 
	{Schaffer}, K.~K. and {Shirokoff}, E. and {Spieler}, H.~G. and 
	{Stalder}, B. and {Staniszewski}, Z. and {Stark}, A.~A. and 
	{Story}, K. and {Suhada}, R. and {Vanderlinde}, K. and {Vieira}, J.~D. and 
	{Vikhlinin}, A. and {Williamson}, R. and {Zahn}, O. and {Zenteno}, A.
	},
    title = "{Analysis of Sunyaev-Zel'dovich Effect Mass-Observable Relations using South Pole Telescope Observations of an X-ray Selected Sample of Low Mass Galaxy Clusters and Groups}",
  journal = {ArXiv e-prints},
archivePrefix = "arXiv",
   eprint = {1407.7520},
 keywords = {Astrophysics - Cosmology and Nongalactic Astrophysics, Astrophysics - Astrophysics of Galaxies},
     year = 2014,
    month = jul,
   adsurl = {http://adsabs.harvard.edu/abs/2014arXiv1407.7520L},
  adsnote = {Provided by the SAO/NASA Astrophysics Data System}
}

@ARTICLE{2014arXiv1408.3161G,
   author = {{George}, E.~M. and {Reichardt}, C.~L. and {Aird}, K.~A. and 
	{Benson}, B.~A. and {Bleem}, L.~E. and {Carlstrom}, J.~E. and 
	{Chang}, C.~L. and {Cho}, H. and {Crawford}, T.~M. and {Crites}, A.~T. and 
	{de Haan}, T. and {Dobbs}, M.~A. and {Dudley}, J. and {Halverson}, N.~W. and 
	{Harrington}, N.~L. and {Holder}, G.~P. and {Holzapfel}, W.~L. and 
	{Hou}, Z. and {Hrubes}, J.~D. and {Keisler}, R. and {Knox}, L. and 
	{Lee}, A.~T. and {Leitch}, E.~M. and {Lueker}, M. and {Luong-Van}, D. and 
	{McMahon}, J.~J. and {Mehl}, J. and {Meyer}, S.~S. and {Millea}, M. and 
	{Mocanu}, L.~M. and {Mohr}, J.~J. and {Montroy}, T.~E. and {Padin}, S. and 
	{Plagge}, T. and {Pryke}, C. and {Ruhl}, J.~E. and {Schaffer}, K.~K. and 
	{Shaw}, L. and {Shirokoff}, E. and {Spieler}, H.~G. and {Staniszewski}, Z. and 
	{Stark}, A.~A. and {Story}, K.~T. and {van Engelen}, A. and 
	{Vanderlinde}, K. and {Vieira}, J.~D. and {Williamson}, R. and 
	{Zahn}, O.},
    title = "{A measurement of secondary cosmic microwave background anisotropies from the 2500-square-degree SPT-SZ survey}",
  journal = {ArXiv e-prints},
archivePrefix = "arXiv",
   eprint = {1408.3161},
 keywords = {Astrophysics - Cosmology and Nongalactic Astrophysics},
     year = 2014,
    month = aug,
   adsurl = {http://adsabs.harvard.edu/abs/2014arXiv1408.3161G},
  adsnote = {Provided by the SAO/NASA Astrophysics Data System}
}

@INPROCEEDINGS{2008SPIE.7020E..0ZS,
   author = {{Smith}, H. and {Buckle}, J. and {Hills}, R. and {Bell}, G. and 
	{Richer}, J. and {Curtis}, E. and {Withington}, S. and {Leech}, J. and 
	{Williamson}, R. and {Dent}, W. and {Hastings}, P. and {Redman}, R. and 
	{Wooff}, B. and {Yeung}, K. and {Friberg}, P. and {Walther}, C. and 
	{Kackley}, R. and {Jenness}, T. and {Tilanus}, R. and {Dempsey}, J. and 
	{Kroug}, M. and {Zijlstra}, T. and {Klapwijk}, T.~M.},
    title = "{HARP: a submillimetre heterodyne array receiver operating on the James Clerk Maxwell Telescope}",
booktitle = {Society of Photo-Optical Instrumentation Engineers (SPIE) Conference Series},
     year = 2008,
   series = {Society of Photo-Optical Instrumentation Engineers (SPIE) Conference Series},
   volume = 7020,
    month = jul,
      eid = {70200Z},
      doi = {10.1117/12.790707},
   adsurl = {http://adsabs.harvard.edu/abs/2008SPIE.7020E..0ZS},
  adsnote = {Provided by the SAO/NASA Astrophysics Data System}
}

@inproceedings{doi:10.1117/12.459674,
author = {Smith, Henry and Hills, Richard E. and Withington, Stafford and Richer, Johnathan and Leech, Jamie and Williamson, Ross and Gibson, Hugh and Dace, Roger and Ananthasubramanian, P. G. and Barker, Robert W. and Baldwin, Robert and Stevenson, Howard and Doherty, Peter and Molloy, Dennis and Quy, Victor and Lush, Chris and Hales, Sally and Dent, William R. F. and Pain, Ian and Wall, Robert and Hastings, Peter R. and Graham, Brenda and Baillie, Thomas E. C. and Laidlaw, Ken and Bennett, Richard J. and Laidlaw, Ian and Duncan, William and Ellis, Maureen A. and Redman, Russell O. and Wooff, Robert and Yeung, Keith K. and Fitzsimmons, Joeleff T. and Avery, Lorne and Derdall, Dennis and Josephson, Dean and Anthony, Andre and Atwal, Raj and Chylek, Tomas and Shutt, Dean J. and Friberg, Per and Rees, Nicholas P. and Philips, Robin and Kroug, Matthias and Klapwijk, Teun M. and Zijlstra, Tony},
title = {HARP-B: a 350-GHz 16-element focal plane array for the James Clerk Maxwell telescope},
journal = {Proc. SPIE},
volume = {4855},
number = {},
pages = {338-348},
abstract = {A 350GHz 4 × 4 element heterodyne focal plane array using SIS detectors is presently being constructed for the JCMT. The construction is being carried out by a collaborative group led by the MRAO, part of the Astrophysics Group, Cavendish Laboratory, in conjunction with the UK-Astronomy Technology Centre (UK-ATC), The Herzberg Institute of Astrophysics (HIA) and the Joint Astronomy Center (JAC). The Delft Institute of Microelectronics &amp; Sub-micron Technology (DIMES) is fabricating junctions for the SIS mixers that have been designed at MRAO.  
Working in conjunction with the 'ACSIS' correlator &amp; imaging system, HARP-B will provide 3-dimensional imaging capability with high sensitivity at 325 to 375GHz. This will be the first sub-mm spectral imaging system on JCMT - complementing the continuum imaging capability of SCUBA - and affording significantly improved productivity in terms of speed of mapping. The core specification for the array is that the combination of the receiver noise temperature and beam efficiency, weighted optimally across the array will be &lt;330K SSB for the central 20GHz of the tuning range.
In technological terms, HARP-B synthesizes a number of interesting and innovative features across all elements of the design. This paper presents both a technical and organizational overview of the HARP-B project and gives a description of all of the key design features of the instrument. 'First light' on the instrument is currently anticipated in spring 2004.},
year = {2003},
doi = {10.1117/12.459674},
URL = { http://dx.doi.org/10.1117/12.459674},
eprint = {}
}

@inproceedings{doi:10.1117/12.480077,
author = {Williamson, Ross and Hills, Richard E. and Smith, Harry},
title = {Physical optics analysis of HARP-B optics},
journal = {Proc. SPIE},
volume = {4855},
number = {},
pages = {602-608},
abstract = {We present a physical optics analysis of the Heterodyne Array Receiver Program B-band (HARP-B) receiver for the James Clerk Maxwell Telescope (JCMT).  Three sets of calculations are performed:
1. A Gaussian beam analysis to determine grid sizes for the Mach-Zehnder polarising interferometer.  It is shown that an optimum grid size of 150mm clear diameter has little effect on the beam pattern and transmission of power through the system.
2. A Model of the HARP-B Imaging array is created using an ideal beam pattern for the corrugated feed.  This produces an accurate beam pattern of minimal distortion.
3. The throughput and beam patterns for the whole HARP-B system are calculated.  This produced beam patterns showing a high degree of symmetry with acceptable power coupling to the reflectors.},
year = {2003},
doi = {10.1117/12.480077},
URL = { http://dx.doi.org/10.1117/12.480077},
eprint = {}
}